
<record>
  <leader>00964cz  a2200241n  4500</leader>
  <controlfield tag="001">3346014</controlfield>
  <controlfield tag="003">DLC</controlfield>
  <controlfield tag="005">20200103073303.0</controlfield>
  <controlfield tag="008">840130n| azannaabn          |n aaa      </controlfield>
  <datafield tag="010" ind1=" " ind2=" ">
    <subfield code="a">n  82243360 </subfield>
  </datafield>
  <datafield tag="035" ind1=" " ind2=" ">
    <subfield code="a">(OCoLC)oca01062243</subfield>
  </datafield>
  <datafield tag="040" ind1=" " ind2=" ">
    <subfield code="a">DLC</subfield>
    <subfield code="b">eng</subfield>
    <subfield code="e">rda</subfield>
    <subfield code="c">DLC</subfield>
    <subfield code="d">DLC</subfield>
    <subfield code="d">UPB</subfield>
  </datafield>
  <datafield tag="046" ind1=" " ind2=" ">
    <subfield code="f">1951</subfield>
    <subfield code="2">edtf</subfield>
  </datafield>
  <datafield tag="100" ind1="1" ind2=" ">
    <subfield code="a">Caraher, Brian</subfield>
  </datafield>
  <datafield tag="374" ind1=" " ind2=" ">
    <subfield code="a">Authors</subfield>
    <subfield code="2">lcsh</subfield>
  </datafield>
  <datafield tag="375" ind1=" " ind2=" ">
    <subfield code="a">Males</subfield>
    <subfield code="2">lcdgt</subfield>
  </datafield>
  <datafield tag="377" ind1=" " ind2=" ">
    <subfield code="a">eng</subfield>
  </datafield>
  <datafield tag="378" ind1=" " ind2=" ">
    <subfield code="q">Brian G.</subfield>
  </datafield>
  <datafield tag="670" ind1=" " ind2=" ">
    <subfield code="a">Literature and iconoclasm, c1976:</subfield>
    <subfield code="b">t.p. (Brian Caraher)</subfield>
  </datafield>
  <datafield tag="670" ind1=" " ind2=" ">
    <subfield code="a">His Wordsworth&apos;s &quot;Slumber&quot; and the problematics of reading, c1991:</subfield>
    <subfield code="b">CIP t.p. (Brian G. Caraher, Dept. of English, Indiana Univ., Bloomington) CIP data sheet (b. 1951)</subfield>
  </datafield>
  <datafield tag="670" ind1=" " ind2=" ">
    <subfield code="a">Philosophy and rhetoric, 1981:</subfield>
    <subfield code="b">volume 14, issue 2, pages 69-88 (Metaphor as contradiction: a grammar and epistemology of poetic metaphor, [by] Brian G. Caraher, Department of English, Eastern Illinois University)</subfield>
  </datafield>
  <datafield tag="952" ind1=" " ind2=" ">
    <subfield code="a">*bt03 030 045 5-2-90</subfield>
  </datafield>
  <datafield tag="953" ind1=" " ind2=" ">
    <subfield code="a">be01</subfield>
    <subfield code="b">bt03</subfield>
  </datafield>
</record>