
<record>
  <leader>01299cz  a2200289n  4500</leader>
  <controlfield tag="001">3346747</controlfield>
  <controlfield tag="003">DLC</controlfield>
  <controlfield tag="005">20200103073232.0</controlfield>
  <controlfield tag="008">840209n| azannaabn          |a aaa      </controlfield>
  <datafield tag="010" ind1=" " ind2=" ">
    <subfield code="a">n  82252630 </subfield>
  </datafield>
  <datafield tag="035" ind1=" " ind2=" ">
    <subfield code="a">(OCoLC)oca00893144</subfield>
  </datafield>
  <datafield tag="040" ind1=" " ind2=" ">
    <subfield code="a">DLC</subfield>
    <subfield code="b">eng</subfield>
    <subfield code="e">rda</subfield>
    <subfield code="c">DLC</subfield>
    <subfield code="d">NmU</subfield>
    <subfield code="d">PPi-MA</subfield>
  </datafield>
  <datafield tag="046" ind1=" " ind2=" ">
    <subfield code="f">1934</subfield>
    <subfield code="2">edtf</subfield>
  </datafield>
  <datafield tag="100" ind1="1" ind2=" ">
    <subfield code="a">Smook, G. A.</subfield>
    <subfield code="q">(Gary A.),</subfield>
    <subfield code="d">1934-</subfield>
  </datafield>
  <datafield tag="370" ind1=" " ind2=" ">
    <subfield code="e">Vancouver (B.C.)</subfield>
    <subfield code="2">naf</subfield>
  </datafield>
  <datafield tag="372" ind1=" " ind2=" ">
    <subfield code="a">Papermaking</subfield>
    <subfield code="a">Pulping</subfield>
    <subfield code="2">lcsh</subfield>
  </datafield>
  <datafield tag="373" ind1=" " ind2=" ">
    <subfield code="a">British Columbia Institute of Technology</subfield>
    <subfield code="2">naf</subfield>
  </datafield>
  <datafield tag="374" ind1=" " ind2=" ">
    <subfield code="a">Chemical engineers</subfield>
    <subfield code="a">College teachers</subfield>
    <subfield code="2">lcsh</subfield>
  </datafield>
  <datafield tag="374" ind1=" " ind2=" ">
    <subfield code="a">University and college faculty members</subfield>
    <subfield code="2">lcdgt</subfield>
  </datafield>
  <datafield tag="375" ind1=" " ind2=" ">
    <subfield code="a">Males</subfield>
    <subfield code="2">lcdgt</subfield>
  </datafield>
  <datafield tag="377" ind1=" " ind2=" ">
    <subfield code="a">eng</subfield>
  </datafield>
  <datafield tag="378" ind1=" " ind2=" ">
    <subfield code="q">Gary A.</subfield>
  </datafield>
  <datafield tag="400" ind1="1" ind2=" ">
    <subfield code="a">Smook, Gary A.,</subfield>
    <subfield code="d">1934-</subfield>
  </datafield>
  <datafield tag="670" ind1=" " ind2=" ">
    <subfield code="a">His Hdbk. for pulp &amp; paper technologists, c1982:</subfield>
    <subfield code="b">t.p. (G.A. Smook) t.p. verso (b. 1934) p. v (Gary Smook; Brit. Col. Inst. of Tech.)</subfield>
  </datafield>
  <datafield tag="670" ind1=" " ind2=" ">
    <subfield code="a">Paper science and paper manufacture, c1999:</subfield>
    <subfield code="b">t.p. (Gary A. Smook)</subfield>
  </datafield>
  <datafield tag="670" ind1=" " ind2=" ">
    <subfield code="a">Smook, G. A. The 100 greatest composers and their musical works, 2019:</subfield>
    <subfield code="b">title page (Gary A. Smook) page 4 of cover (Gary Smook; B.S., chemical engineering, University of California, Berkeley; author of Handbook for pulp and paper technologists, Handbook of pulp and paper terminology; lives in Vancouver, British Columbia)</subfield>
  </datafield>
  <datafield tag="953" ind1=" " ind2=" ">
    <subfield code="a">ba28</subfield>
  </datafield>
</record>