
<record>
  <leader>01243cz  a2200277n  4500</leader>
  <controlfield tag="001">3347410</controlfield>
  <controlfield tag="003">DLC</controlfield>
  <controlfield tag="005">20200103073304.0</controlfield>
  <controlfield tag="008">840313n| azannaabn          |a aaa      </controlfield>
  <datafield tag="010" ind1=" " ind2=" ">
    <subfield code="a">n  82262970 </subfield>
  </datafield>
  <datafield tag="016" ind1=" " ind2=" ">
    <subfield code="a">0016L7967E</subfield>
  </datafield>
  <datafield tag="035" ind1=" " ind2=" ">
    <subfield code="a">(OCoLC)oca01085078</subfield>
  </datafield>
  <datafield tag="040" ind1=" " ind2=" ">
    <subfield code="a">DLC</subfield>
    <subfield code="b">eng</subfield>
    <subfield code="e">rda</subfield>
    <subfield code="c">DLC</subfield>
    <subfield code="d">OCoLC</subfield>
    <subfield code="d">CaOONL</subfield>
  </datafield>
  <datafield tag="042" ind1=" " ind2=" ">
    <subfield code="a">nlc</subfield>
  </datafield>
  <datafield tag="046" ind1=" " ind2=" ">
    <subfield code="f">1954</subfield>
    <subfield code="2">edtf</subfield>
  </datafield>
  <datafield tag="100" ind1="1" ind2=" ">
    <subfield code="a">McGuinness, Kevin Patrick</subfield>
  </datafield>
  <datafield tag="370" ind1=" " ind2=" ">
    <subfield code="c">Canada</subfield>
    <subfield code="f">Ontario</subfield>
    <subfield code="2">naf</subfield>
  </datafield>
  <datafield tag="374" ind1=" " ind2=" ">
    <subfield code="a">Lawyers</subfield>
    <subfield code="2">lcsh</subfield>
  </datafield>
  <datafield tag="377" ind1=" " ind2=" ">
    <subfield code="a">eng</subfield>
  </datafield>
  <datafield tag="400" ind1="1" ind2=" ">
    <subfield code="a">McGuinness, Kevin P.</subfield>
  </datafield>
  <datafield tag="670" ind1=" " ind2=" ">
    <subfield code="a">His Construction lien remedies in Ontario, 1983:</subfield>
    <subfield code="b">t.p. (Kevin Patrick McGuinness, LL. B., LL. M., S.J.D. of the Ontario Bar)</subfield>
  </datafield>
  <datafield tag="670" ind1=" " ind2=" ">
    <subfield code="a">NLC, 2/17/84</subfield>
    <subfield code="b">(AACR 2: McGuinness, Kevin Patrick)</subfield>
  </datafield>
  <datafield tag="670" ind1=" " ind2=" ">
    <subfield code="a">The law of guarantee, 2013:</subfield>
    <subfield code="b">title page (Kevin McGuinness) page iii (called to the bar of Ontario in 1981; in 1990 he was admitted as a solicitor in England and Wales; has taught law in England, Canada, and Asutralia)</subfield>
  </datafield>
  <datafield tag="670" ind1=" " ind2=" ">
    <subfield code="a">LAC internal file, January 2, 2020</subfield>
    <subfield code="b">(access point: McGuinness, Kevin Patrick; variants: Kevin P. McGuinness; Kevin McGuinness; born 1954; Canadian)</subfield>
  </datafield>
  <datafield tag="670" ind1=" " ind2=" ">
    <subfield code="a">OCLC, viewed January 2, 2020</subfield>
    <subfield code="b">(usage: Kevin P. McGuinness; Kevin Patrick McGuinness; Kevin McGuinness)</subfield>
  </datafield>
  <datafield tag="953" ind1=" " ind2=" ">
    <subfield code="a">ea08</subfield>
  </datafield>
</record>