
<record>
  <leader>01688cz  a2200289n  4500</leader>
  <controlfield tag="001">3353818</controlfield>
  <controlfield tag="003">DLC</controlfield>
  <controlfield tag="005">20200103143427.0</controlfield>
  <controlfield tag="008">830524n| azannaabn          |a aaa      </controlfield>
  <datafield tag="010" ind1=" " ind2=" ">
    <subfield code="a">n  83073290 </subfield>
  </datafield>
  <datafield tag="035" ind1=" " ind2=" ">
    <subfield code="a">(OCoLC)oca00955084</subfield>
  </datafield>
  <datafield tag="040" ind1=" " ind2=" ">
    <subfield code="a">DLC</subfield>
    <subfield code="b">eng</subfield>
    <subfield code="e">rda</subfield>
    <subfield code="c">DLC</subfield>
    <subfield code="d">DLC</subfield>
    <subfield code="d">OCoLC</subfield>
    <subfield code="d">IEN</subfield>
    <subfield code="d">DLC</subfield>
  </datafield>
  <datafield tag="046" ind1=" " ind2=" ">
    <subfield code="f">19080319</subfield>
    <subfield code="g">19580311</subfield>
  </datafield>
  <datafield tag="053" ind1=" " ind2="0">
    <subfield code="a">ML410.V178</subfield>
    <subfield code="c">Biography</subfield>
  </datafield>
  <datafield tag="100" ind1="1" ind2=" ">
    <subfield code="a">Valente, Assis,</subfield>
    <subfield code="d">1908-1958</subfield>
  </datafield>
  <datafield tag="370" ind1=" " ind2=" ">
    <subfield code="b">Rio de Janeiro (Brazil)</subfield>
    <subfield code="c">Brazil</subfield>
    <subfield code="2">naf</subfield>
  </datafield>
  <datafield tag="372" ind1=" " ind2=" ">
    <subfield code="a">Popular music</subfield>
    <subfield code="2">lcsh</subfield>
  </datafield>
  <datafield tag="374" ind1=" " ind2=" ">
    <subfield code="a">Composers</subfield>
    <subfield code="2">lcsh</subfield>
  </datafield>
  <datafield tag="377" ind1=" " ind2=" ">
    <subfield code="a">por</subfield>
  </datafield>
  <datafield tag="400" ind1="1" ind2=" ">
    <subfield code="a">Assis Valente,</subfield>
    <subfield code="d">1908-1958</subfield>
  </datafield>
  <datafield tag="400" ind1="1" ind2=" ">
    <subfield code="a">Valente, José de Assis,</subfield>
    <subfield code="d">1908-1958</subfield>
  </datafield>
  <datafield tag="670" ind1=" " ind2=" ">
    <subfield code="a">His Assis Valente [SR] c1982:</subfield>
    <subfield code="b">label (Assis Valente) container p. 3 (A vida de Assis Valente, b. 3/19/11; d. 3/10/58)</subfield>
  </datafield>
  <datafield tag="670" ind1=" " ind2=" ">
    <subfield code="a">Silva, F.D. Assis Valente, c1988:</subfield>
    <subfield code="b">t.p. (Assis Valente; José de Assis Valente) p. 7, etc. (artista; compositor; birth certificate: b. 03-19-1908; cinqüenta anos de vida (1908-1958))</subfield>
  </datafield>
  <datafield tag="670" ind1=" " ind2=" ">
    <subfield code="a">Wikipedia, Portuguese version, Apr. 15, 2015</subfield>
    <subfield code="b">(Assis Valente; José de Assis Valente; b. Santo Amaro, 19 Mar. 1911; d. Rio de Janeiro, 6 Mar. 1958)</subfield>
  </datafield>
  <datafield tag="670" ind1=" " ind2=" ">
    <subfield code="a">Junior, Gonçalo. Quem samba tem alegria, 2014:</subfield>
    <subfield code="b">title page (Assis Valente) page 15 (the Bahian José de Assis Valente, 24 years old in 1932) page 48 (his exact date of birth varied in different interviews: 16, 17, 18 or 19 March; 1901, 1908, 1909, 1910 or 1911; various possible places) plate [1] (reproduced birth certificate, obtained in order to marry; birth date of 19 Mar. 1908 confirmed by his daughter) pages 576-580 (committed suicide the evening of Mar. 11, 1958)</subfield>
  </datafield>
  <datafield tag="952" ind1=" " ind2=" ">
    <subfield code="a">*bh13 030 040 042 050 060 05-03-90</subfield>
  </datafield>
  <datafield tag="953" ind1=" " ind2=" ">
    <subfield code="a">vk13</subfield>
    <subfield code="b">bh13</subfield>
  </datafield>
</record>