
<record>
  <leader>01670cz  a2200289n  4500</leader>
  <controlfield tag="001">3356361</controlfield>
  <controlfield tag="003">DLC</controlfield>
  <controlfield tag="005">20200103073234.0</controlfield>
  <controlfield tag="008">831123n| azannaabn          |n aaa      </controlfield>
  <datafield tag="010" ind1=" " ind2=" ">
    <subfield code="a">n  83152180 </subfield>
  </datafield>
  <datafield tag="035" ind1=" " ind2=" ">
    <subfield code="a">(OCoLC)oca00978895</subfield>
  </datafield>
  <datafield tag="040" ind1=" " ind2=" ">
    <subfield code="a">DLC</subfield>
    <subfield code="b">eng</subfield>
    <subfield code="e">rda</subfield>
    <subfield code="c">DLC</subfield>
    <subfield code="d">DLC</subfield>
    <subfield code="d">OCoLC</subfield>
    <subfield code="d">UPB</subfield>
    <subfield code="d">GVaS</subfield>
  </datafield>
  <datafield tag="046" ind1=" " ind2=" ">
    <subfield code="f">1954</subfield>
    <subfield code="2">edtf</subfield>
  </datafield>
  <datafield tag="100" ind1="1" ind2=" ">
    <subfield code="a">Sherman, Cindy</subfield>
  </datafield>
  <datafield tag="370" ind1=" " ind2=" ">
    <subfield code="a">Glen Ridge (N.J.)</subfield>
    <subfield code="c">United States</subfield>
    <subfield code="e">New York (N.Y.)</subfield>
    <subfield code="2">naf</subfield>
  </datafield>
  <datafield tag="372" ind1=" " ind2=" ">
    <subfield code="a">Photography</subfield>
    <subfield code="2">lcsh</subfield>
  </datafield>
  <datafield tag="373" ind1=" " ind2=" ">
    <subfield code="a">Metro Pictures (Gallery)</subfield>
    <subfield code="2">naf</subfield>
  </datafield>
  <datafield tag="373" ind1=" " ind2=" ">
    <subfield code="a">John Simon Guggenheim Memorial Foundation</subfield>
    <subfield code="2">naf</subfield>
  </datafield>
  <datafield tag="373" ind1=" " ind2=" ">
    <subfield code="a">John D. and Catherine T. MacArthur Foundation</subfield>
    <subfield code="2">naf</subfield>
  </datafield>
  <datafield tag="374" ind1=" " ind2=" ">
    <subfield code="a">Photographers</subfield>
    <subfield code="2">lcsh</subfield>
  </datafield>
  <datafield tag="375" ind1=" " ind2=" ">
    <subfield code="a">Females</subfield>
    <subfield code="2">lcdgt</subfield>
  </datafield>
  <datafield tag="377" ind1=" " ind2=" ">
    <subfield code="a">eng</subfield>
  </datafield>
  <datafield tag="670" ind1=" " ind2=" ">
    <subfield code="a">Her Cindy Sherman, 1984:</subfield>
    <subfield code="b">t.p. (Cindy Sherman) pub. info. (photographer)</subfield>
  </datafield>
  <datafield tag="670" ind1=" " ind2=" ">
    <subfield code="a">Her Cindy Sherman, c1982:</subfield>
    <subfield code="b">t.p. (Cindy Sherman) p. 173 (b. 1954, Glen Ridge, NJ)</subfield>
  </datafield>
  <datafield tag="670" ind1=" " ind2=" ">
    <subfield code="a">The complete untitled film stills, 2003:</subfield>
    <subfield code="b">colophon (text and photographs by Cindy Sherman)</subfield>
  </datafield>
  <datafield tag="670" ind1=" " ind2=" ">
    <subfield code="a">Amazon.com viewed December 11, 2019</subfield>
    <subfield code="b">(Cindy Sherman is a ground-breaking American photographer, born in 1954. She began her &quot;Film Stills&quot; series at the age of 23, gaining early recognition, and has followed it with remarkable experiments in color photography. Her art has won her wide recognition and praise, and been collected and exhibited by major museums throughout the world since 1980. Sherman is the recipient of a MacArthur Foundation &quot;genius&quot; award and a John Simon Guggenheim Memorial Fellowship. She is represented by Metro Pictures gallery in New York)</subfield>
    <subfield code="u">https://www.amazon.com/Cindy-Sherman-Complete-Untitled-Stills/dp/0870705075</subfield>
  </datafield>
  <datafield tag="953" ind1=" " ind2=" ">
    <subfield code="a">bc38</subfield>
    <subfield code="b">ea18</subfield>
  </datafield>
</record>