
<record>
  <leader>00829cz  a2200193n  4500</leader>
  <controlfield tag="001">3379793</controlfield>
  <controlfield tag="003">DLC</controlfield>
  <controlfield tag="005">20200103073302.0</controlfield>
  <controlfield tag="008">841012n| azannaabn          |a aaa      </controlfield>
  <datafield tag="010" ind1=" " ind2=" ">
    <subfield code="a">n  84189700 </subfield>
  </datafield>
  <datafield tag="035" ind1=" " ind2=" ">
    <subfield code="a">(OCoLC)oca01224402</subfield>
  </datafield>
  <datafield tag="040" ind1=" " ind2=" ">
    <subfield code="a">DLC</subfield>
    <subfield code="b">eng</subfield>
    <subfield code="c">DLC</subfield>
    <subfield code="e">rda</subfield>
    <subfield code="d">IAhCCS</subfield>
  </datafield>
  <datafield tag="046" ind1=" " ind2=" ">
    <subfield code="f">1921-03-26</subfield>
    <subfield code="g">1987-09-15</subfield>
    <subfield code="2">edtf</subfield>
  </datafield>
  <datafield tag="100" ind1="1" ind2=" ">
    <subfield code="a">Strandh, Sigvard,</subfield>
    <subfield code="d">1921-1987</subfield>
  </datafield>
  <datafield tag="400" ind1="1" ind2=" ">
    <subfield code="a">Strandh, Ernst Sigvard,</subfield>
    <subfield code="d">1921-1987</subfield>
  </datafield>
  <datafield tag="670" ind1=" " ind2=" ">
    <subfield code="a">His Alfred Nobel, c1983:</subfield>
    <subfield code="b">t.p. (Sigvard Strandh)</subfield>
  </datafield>
  <datafield tag="670" ind1=" " ind2=" ">
    <subfield code="a">LC data base, 10/10/84</subfield>
    <subfield code="b">(hdg.: Strandh, Sigvard, 1921- )</subfield>
  </datafield>
  <datafield tag="670" ind1=" " ind2=" ">
    <subfield code="a">Swedish-language Wikipedia via Google Translate, viewed Jan. 2, 2020</subfield>
    <subfield code="b">(Ernst Sigvard Strandh, born March 26, 1921, died September 15, 1987, was a Swedish civil engineer, museum man, technology historian and author)</subfield>
    <subfield code="u">https://sv.wikipedia.org/wiki/Sigvard_Strandh</subfield>
  </datafield>
  <datafield tag="953" ind1=" " ind2=" ">
    <subfield code="a">ed17</subfield>
  </datafield>
</record>