
<record>
  <leader>01887cz  a2200205n  4500</leader>
  <controlfield tag="001">3418532</controlfield>
  <controlfield tag="003">DLC</controlfield>
  <controlfield tag="005">20200103073211.0</controlfield>
  <controlfield tag="008">850606n| azannaabn          |n aaa     c</controlfield>
  <datafield tag="010" ind1=" " ind2=" ">
    <subfield code="a">n  85808430 </subfield>
  </datafield>
  <datafield tag="035" ind1=" " ind2=" ">
    <subfield code="a">(OCoLC)oca01328182</subfield>
  </datafield>
  <datafield tag="040" ind1=" " ind2=" ">
    <subfield code="a">ICU</subfield>
    <subfield code="b">eng</subfield>
    <subfield code="e">rda</subfield>
    <subfield code="c">ICU</subfield>
    <subfield code="d">OU</subfield>
  </datafield>
  <datafield tag="046" ind1=" " ind2=" ">
    <subfield code="f">1901-01-26</subfield>
    <subfield code="g">1981-12-05</subfield>
    <subfield code="2">edtf</subfield>
  </datafield>
  <datafield tag="100" ind1="1" ind2=" ">
    <subfield code="a">Feldtkeller, Richard,</subfield>
    <subfield code="d">1901-1981</subfield>
  </datafield>
  <datafield tag="370" ind1=" " ind2=" ">
    <subfield code="a">Merseburg (Germany)</subfield>
    <subfield code="b">Stuttgart (Germany)</subfield>
    <subfield code="2">naf</subfield>
  </datafield>
  <datafield tag="374" ind1=" " ind2=" ">
    <subfield code="a">Physicists</subfield>
    <subfield code="a">College teachers</subfield>
    <subfield code="2">lcsh</subfield>
  </datafield>
  <datafield tag="375" ind1=" " ind2=" ">
    <subfield code="a">Males</subfield>
    <subfield code="2">lcdgt</subfield>
  </datafield>
  <datafield tag="670" ind1=" " ind2=" ">
    <subfield code="a">LCCN 68-137155: Zwicker, E. Das Ohr als Nachrichtenempfänger, 1967</subfield>
    <subfield code="b">(hdg.: Feldtkeller, Richard, 1901- ; usage: Richard Feldtkeller)</subfield>
  </datafield>
  <datafield tag="670" ind1=" " ind2=" ">
    <subfield code="a">Wikidata via Wikipedia, January 2, 2020</subfield>
    <subfield code="b">(alias: Richard Feldtkeller; sex or gender: male; LCAuth identifier: n85808430; VIAF identifier: 37279447; GND identifier: 131537512; ISNI (P213): 0000000084425815; place of birth: Merseburg; place of death: Stuttgart; country of citizenship: Germany; instance of: human; date of birth: +1901-01-26T00:00:00Z; date of death: +1981-12-05T00:00:00Z; employer: University of Stuttgart; occupation: physicist, university teacher; given name: Richard; Heidelberg Academy for Sciences and Humanities member ID (P2273): 428; member of: Heidelberg Academy for Sciences and Humanities; languages spoken or published: German; SHARE Catalogue author ID (P3987): 26392; NTA identifier (Netherlands): 114987424; SUDOC authorities: 086760025; NKC identifier: stk2007405979; Brockhaus Enzyklop\u00e4die online ID (P5019): feldtkeller-richard; description/label: deutscher Physiker und Elektrotechniker, Duits natuurkundige , físic alemany, fisiceoir Gearmánach, físico alemán, fisico tedesco, fizician german, fizikan gjerman, German physicist, physicien allemand, Saksamaa füüsik, tysk fysikar, tysk fysiker, פיזיקאי גרמני)</subfield>
    <subfield code="u">http://www.wikidata.org/entity/Q2149445</subfield>
  </datafield>
  <datafield tag="953" ind1=" " ind2=" ">
    <subfield code="a">bz51</subfield>
  </datafield>
</record>