
<record>
  <leader>01052cz  a2200241n  4500</leader>
  <controlfield tag="001">3420109</controlfield>
  <controlfield tag="003">DLC</controlfield>
  <controlfield tag="005">20200103073213.0</controlfield>
  <controlfield tag="008">851115n| azannaabn          |a aaa      </controlfield>
  <datafield tag="010" ind1=" " ind2=" ">
    <subfield code="a">n  85825130 </subfield>
  </datafield>
  <datafield tag="035" ind1=" " ind2=" ">
    <subfield code="a">(OCoLC)oca01437302</subfield>
  </datafield>
  <datafield tag="040" ind1=" " ind2=" ">
    <subfield code="a">DLC</subfield>
    <subfield code="b">eng</subfield>
    <subfield code="e">rda</subfield>
    <subfield code="c">DLC</subfield>
    <subfield code="d">DLC</subfield>
    <subfield code="d">NcU</subfield>
    <subfield code="d">OCoLC</subfield>
    <subfield code="d">UkCU</subfield>
    <subfield code="d">Uk</subfield>
    <subfield code="d">UkCU</subfield>
    <subfield code="d">OU</subfield>
  </datafield>
  <datafield tag="046" ind1=" " ind2=" ">
    <subfield code="f">1967</subfield>
    <subfield code="2">edtf</subfield>
  </datafield>
  <datafield tag="100" ind1="1" ind2=" ">
    <subfield code="a">Rankin, Andrew,</subfield>
    <subfield code="d">1967-</subfield>
  </datafield>
  <datafield tag="370" ind1=" " ind2=" ">
    <subfield code="c">Great Britain</subfield>
    <subfield code="c">Japan</subfield>
    <subfield code="2">naf</subfield>
  </datafield>
  <datafield tag="372" ind1=" " ind2=" ">
    <subfield code="a">Authors, Japanese</subfield>
    <subfield code="2">lcsh</subfield>
  </datafield>
  <datafield tag="374" ind1=" " ind2=" ">
    <subfield code="a">Authors</subfield>
    <subfield code="2">lcsh</subfield>
  </datafield>
  <datafield tag="375" ind1=" " ind2=" ">
    <subfield code="a">Males</subfield>
    <subfield code="2">lcsh</subfield>
  </datafield>
  <datafield tag="400" ind1="1" ind2=" ">
    <subfield code="w">nne</subfield>
    <subfield code="a">Rankin, Andrew,</subfield>
    <subfield code="c">translator</subfield>
  </datafield>
  <datafield tag="670" ind1=" " ind2=" ">
    <subfield code="a">Nakagami, K. Snakelust, c1998:</subfield>
    <subfield code="b">t.p. (Andrew Rankin) jkt. (studied at universities of Cambridge, London and Tokyo, lived in Japan for 8 years)</subfield>
  </datafield>
  <datafield tag="670" ind1=" " ind2=" ">
    <subfield code="a">E-mail from A. Rankin, June 15, 2012</subfield>
    <subfield code="b">(requests change to heading; he is an author by profession and has translated only one book; b. 1967)</subfield>
  </datafield>
  <datafield tag="670" ind1=" " ind2=" ">
    <subfield code="a">Mishima, aesthetic terrorist, 2019, ©2018:</subfield>
    <subfield code="b">title page (Andrew Rankin) colophon (British author, educated at the universities of London, Tokyo and Cambridge)</subfield>
  </datafield>
  <datafield tag="953" ind1=" " ind2=" ">
    <subfield code="a">nf12</subfield>
    <subfield code="b">na23</subfield>
  </datafield>
</record>