
<record>
  <leader>01252cz  a2200265n  4500</leader>
  <controlfield tag="001">3428649</controlfield>
  <controlfield tag="003">DLC</controlfield>
  <controlfield tag="005">20200103073254.0</controlfield>
  <controlfield tag="008">860723n| azannaabn          |a aaa      </controlfield>
  <datafield tag="010" ind1=" " ind2=" ">
    <subfield code="a">n  86102600 </subfield>
  </datafield>
  <datafield tag="035" ind1=" " ind2=" ">
    <subfield code="a">(OCoLC)oca01646131</subfield>
  </datafield>
  <datafield tag="040" ind1=" " ind2=" ">
    <subfield code="a">DLC</subfield>
    <subfield code="b">eng</subfield>
    <subfield code="e">rda</subfield>
    <subfield code="c">DLC</subfield>
    <subfield code="d">DLC</subfield>
    <subfield code="d">OCoLC</subfield>
    <subfield code="d">DLC</subfield>
    <subfield code="d">WaBeWWUM</subfield>
  </datafield>
  <datafield tag="046" ind1=" " ind2=" ">
    <subfield code="f">1907-03-29</subfield>
    <subfield code="g">2006-12-24</subfield>
    <subfield code="2">edtf</subfield>
  </datafield>
  <datafield tag="053" ind1=" " ind2="0">
    <subfield code="a">ML410.B257</subfield>
    <subfield code="c">Biography</subfield>
  </datafield>
  <datafield tag="100" ind1="1" ind2=" ">
    <subfield code="a">Barro, João de</subfield>
  </datafield>
  <datafield tag="370" ind1=" " ind2=" ">
    <subfield code="a">Rio de Janeiro (Brazil)</subfield>
    <subfield code="2">naf</subfield>
  </datafield>
  <datafield tag="374" ind1=" " ind2=" ">
    <subfield code="a">Composers</subfield>
    <subfield code="a">Lyricists</subfield>
    <subfield code="a">Singers</subfield>
    <subfield code="2">lcdgt</subfield>
  </datafield>
  <datafield tag="400" ind1="1" ind2=" ">
    <subfield code="a">Braga, Carlos Alberto Ferreira</subfield>
  </datafield>
  <datafield tag="400" ind1="0" ind2=" ">
    <subfield code="a">Braguinha</subfield>
  </datafield>
  <datafield tag="400" ind1="1" ind2=" ">
    <subfield code="a">De Barro, João</subfield>
  </datafield>
  <datafield tag="400" ind1="1" ind2=" ">
    <subfield code="a">Ferreira Braga, Carlos Alberto</subfield>
  </datafield>
  <datafield tag="670" ind1=" " ind2=" ">
    <subfield code="a">Prêmio Shell para a música brasileira 1985 [SR] 1985:</subfield>
    <subfield code="b">label (Braguinha, composer and lyricist) container (Carlos Alberto Ferreira Braga, known to his friends as Braguinha, known in the world of Brazilian popular music as João de Barro)</subfield>
  </datafield>
  <datafield tag="670" ind1=" " ind2=" ">
    <subfield code="a">Braguinha, 2002:</subfield>
    <subfield code="b">p. 8 (b. Mar. 29, 1907, Rio de Janeiro)</subfield>
  </datafield>
  <datafield tag="670" ind1=" " ind2=" ">
    <subfield code="a">Wikipedia WWW site, Dec. 26, 2006</subfield>
    <subfield code="b">(under Braguinha (composer): Carlos Alberto Ferreira Braga, commonly known as Braguinha or João de Barro; b. Mar. 29, 1907, Rio de Janeiro; d. Dec. 24, 2006; Brazilian songwriter and occasional singer)</subfield>
  </datafield>
  <datafield tag="953" ind1=" " ind2=" ">
    <subfield code="a">vk13</subfield>
    <subfield code="b">vl09</subfield>
  </datafield>
</record>