
<record>
  <leader>01182cz  a2200241n  4500</leader>
  <controlfield tag="001">3446003</controlfield>
  <controlfield tag="003">DLC</controlfield>
  <controlfield tag="005">20200103073235.0</controlfield>
  <controlfield tag="008">871002n| azannaabn          |a aaa     c</controlfield>
  <datafield tag="010" ind1=" " ind2=" ">
    <subfield code="a">n  87132720 </subfield>
    <subfield code="z">n  87130367 </subfield>
  </datafield>
  <datafield tag="035" ind1=" " ind2=" ">
    <subfield code="a">(OCoLC)oca01955377</subfield>
  </datafield>
  <datafield tag="040" ind1=" " ind2=" ">
    <subfield code="a">ICU</subfield>
    <subfield code="b">eng</subfield>
    <subfield code="e">rda</subfield>
    <subfield code="c">ICU</subfield>
    <subfield code="d">DLC</subfield>
    <subfield code="d">OU</subfield>
  </datafield>
  <datafield tag="046" ind1=" " ind2=" ">
    <subfield code="f">1900-02-05</subfield>
    <subfield code="g">1990</subfield>
    <subfield code="2">edtf</subfield>
  </datafield>
  <datafield tag="100" ind1="1" ind2=" ">
    <subfield code="a">Vogel, Hans,</subfield>
    <subfield code="d">1900-1990</subfield>
  </datafield>
  <datafield tag="370" ind1=" " ind2=" ">
    <subfield code="a">Ústí nad Labem (Czech Republic)</subfield>
    <subfield code="c">Germany</subfield>
    <subfield code="2">naf</subfield>
  </datafield>
  <datafield tag="374" ind1=" " ind2=" ">
    <subfield code="a">Chemists</subfield>
    <subfield code="2">lcsh</subfield>
  </datafield>
  <datafield tag="375" ind1=" " ind2=" ">
    <subfield code="a">Males</subfield>
    <subfield code="2">lcdgt</subfield>
  </datafield>
  <datafield tag="400" ind1="1" ind2=" ">
    <subfield code="w">nnea</subfield>
    <subfield code="a">Vogel, Hans,</subfield>
    <subfield code="d">1900 Feb. 5-</subfield>
  </datafield>
  <datafield tag="667" ind1=" " ind2=" ">
    <subfield code="a">Old catalog hdg.: Vogel, Hans, 1900 (Feb 5)-</subfield>
  </datafield>
  <datafield tag="670" ind1=" " ind2=" ">
    <subfield code="a">LCCN 31-14759: His Tabellen der zucker und ihrer derivate, 1931</subfield>
    <subfield code="b">(hdg.: Vogel, Hans, Feb. 5, 1900- ; usage: Hans Vogel)</subfield>
  </datafield>
  <datafield tag="670" ind1=" " ind2=" ">
    <subfield code="a">German National Library via VIAF, Jan. 2, 2020</subfield>
    <subfield code="b">(identifier: http://d-nb.info/gnd/140798722; preferred: Vogel, Hans 1900-1990; related: Aussig)</subfield>
    <subfield code="u">http://www.viaf.org/processed/DNB%7C140798722</subfield>
  </datafield>
  <datafield tag="670" ind1=" " ind2=" ">
    <subfield code="a">NUK/COBISS.SI, Slovenia via VIAF, Jan. 2, 2020</subfield>
    <subfield code="b">(identifier: 0000000114610449; GAC: deu; preferred: Vogel, Hans, 1900-1990; lang. code: ger; related: Knobloch, Heinrich.)</subfield>
    <subfield code="u">http://www.viaf.org/processed/SIMACOB%7C62973795</subfield>
  </datafield>
  <datafield tag="953" ind1=" " ind2=" ">
    <subfield code="a">bz51</subfield>
  </datafield>
</record>