
<record>
  <leader>01491cz  a2200277n  4500</leader>
  <controlfield tag="001">3447418</controlfield>
  <controlfield tag="003">DLC</controlfield>
  <controlfield tag="005">20200103005421.0</controlfield>
  <controlfield tag="008">871204n| azannaabn          |a aaa      </controlfield>
  <datafield tag="010" ind1=" " ind2=" ">
    <subfield code="a">n  87148240 </subfield>
  </datafield>
  <datafield tag="035" ind1=" " ind2=" ">
    <subfield code="a">(DLC)n  87148240</subfield>
  </datafield>
  <datafield tag="040" ind1=" " ind2=" ">
    <subfield code="a">DLC</subfield>
    <subfield code="b">eng</subfield>
    <subfield code="e">rda</subfield>
    <subfield code="c">DLC</subfield>
    <subfield code="d">DLC</subfield>
  </datafield>
  <datafield tag="046" ind1=" " ind2=" ">
    <subfield code="f">1952</subfield>
    <subfield code="2">edtf</subfield>
  </datafield>
  <datafield tag="100" ind1="1" ind2=" ">
    <subfield code="a">Shiva, Vandana</subfield>
  </datafield>
  <datafield tag="370" ind1=" " ind2=" ">
    <subfield code="f">Dehra Dūn (India)</subfield>
    <subfield code="2">naf</subfield>
  </datafield>
  <datafield tag="372" ind1=" " ind2=" ">
    <subfield code="a">Environmental sciences</subfield>
    <subfield code="2">lcsh</subfield>
  </datafield>
  <datafield tag="373" ind1=" " ind2=" ">
    <subfield code="a">Navdanya (Organization)</subfield>
    <subfield code="2">naf</subfield>
  </datafield>
  <datafield tag="373" ind1=" " ind2=" ">
    <subfield code="a">Research Foundation for Science, Technology, and Natural Resource Policy (New Delhi, India)</subfield>
    <subfield code="2">naf</subfield>
  </datafield>
  <datafield tag="374" ind1=" " ind2=" ">
    <subfield code="a">Environmentalists</subfield>
    <subfield code="2">lcsh</subfield>
  </datafield>
  <datafield tag="375" ind1=" " ind2=" ">
    <subfield code="a">Females</subfield>
    <subfield code="2">lcdgt</subfield>
  </datafield>
  <datafield tag="377" ind1=" " ind2=" ">
    <subfield code="a">eng</subfield>
  </datafield>
  <datafield tag="400" ind1="1" ind2=" ">
    <subfield code="a">Vandana Shiva</subfield>
  </datafield>
  <datafield tag="670" ind1=" " ind2=" ">
    <subfield code="a">nuc87-125631: Author&apos;s Social economic and ecological ... 1981</subfield>
    <subfield code="b">(hdg. on CU rept.: Shiva, Vandana; usage: Vandana Shiva)</subfield>
  </datafield>
  <datafield tag="670" ind1=" " ind2=" ">
    <subfield code="a">Her Ecological audit of eucalyptus cultivation, c1987:</subfield>
    <subfield code="b">t.p. (Vandana Shiva) p. ii last gr. etc. (Vandana Shiva; V. Shiva) p. 4 of cover (Dr., conslt. to U.N.U., co-ord., Res. Found. for Sc. and Ecol., Dehra Dun)</subfield>
  </datafield>
  <datafield tag="670" ind1=" " ind2=" ">
    <subfield code="a">Biopolitics, 1995:</subfield>
    <subfield code="b">CIP t.p. (Vandana Shiva) data sht. (b. 1952)</subfield>
  </datafield>
  <datafield tag="670" ind1=" " ind2=" ">
    <subfield code="a">Making peace with the earth, 2012:</subfield>
    <subfield code="b">prelim. p. 1 (Vandana Shiva is a world renowned environmental thinker and activist, a leader in the International Forum on Globalisation (IFG) along with Ralph Nader and Jeremy Rifkin, and of the Slow Food Movement. Director of Navdanya and of the Research Foundation for Science, Technology, and Natural Resources Policy)</subfield>
  </datafield>
</record>