
<record>
  <leader>01990cz  a2200373n  4500</leader>
  <controlfield tag="001">3510146</controlfield>
  <controlfield tag="003">DLC</controlfield>
  <controlfield tag="005">20200103145229.0</controlfield>
  <controlfield tag="008">900406n| azannaabn          |b aaa     c</controlfield>
  <datafield tag="010" ind1=" " ind2=" ">
    <subfield code="a">nr 90005610 </subfield>
  </datafield>
  <datafield tag="035" ind1=" " ind2=" ">
    <subfield code="a">(OCoLC)oca02719920</subfield>
  </datafield>
  <datafield tag="040" ind1=" " ind2=" ">
    <subfield code="a">NjP</subfield>
    <subfield code="b">eng</subfield>
    <subfield code="e">rda</subfield>
    <subfield code="c">NjP</subfield>
    <subfield code="d">OCoLC</subfield>
    <subfield code="d">InU</subfield>
    <subfield code="d">WU</subfield>
    <subfield code="d">DLC</subfield>
  </datafield>
  <datafield tag="046" ind1=" " ind2=" ">
    <subfield code="f">1887-12-09</subfield>
    <subfield code="g">1947-12-26</subfield>
    <subfield code="2">edtf</subfield>
  </datafield>
  <datafield tag="100" ind1="1" ind2=" ">
    <subfield code="a">Slezkin, I︠U︡riĭ,</subfield>
    <subfield code="d">1885-1947</subfield>
  </datafield>
  <datafield tag="370" ind1=" " ind2=" ">
    <subfield code="a">Vilnius (Lithuania)</subfield>
    <subfield code="b">Moscow (Russia)</subfield>
    <subfield code="2">lcsh</subfield>
  </datafield>
  <datafield tag="372" ind1=" " ind2=" ">
    <subfield code="a">Fiction</subfield>
    <subfield code="a">Short stories, Russian</subfield>
    <subfield code="2">lcsh</subfield>
  </datafield>
  <datafield tag="374" ind1=" " ind2=" ">
    <subfield code="a">Authors, Russian</subfield>
    <subfield code="2">lcsh</subfield>
  </datafield>
  <datafield tag="377" ind1=" " ind2=" ">
    <subfield code="a">rus</subfield>
  </datafield>
  <datafield tag="400" ind1="1" ind2=" ">
    <subfield code="a">Слезкин, Юрий,</subfield>
    <subfield code="d">1885-1947</subfield>
  </datafield>
  <datafield tag="400" ind1="1" ind2=" ">
    <subfield code="a">Слезкинъ, Юрий,</subfield>
    <subfield code="d">1885-1947</subfield>
  </datafield>
  <datafield tag="400" ind1="1" ind2=" ">
    <subfield code="a">סליאזקין, יורי</subfield>
  </datafield>
  <datafield tag="400" ind1="1" ind2=" ">
    <subfield code="a">Slezkin, I︠U︡riĭ Lʹvovich,</subfield>
    <subfield code="d">1885-1947</subfield>
  </datafield>
  <datafield tag="400" ind1="1" ind2=" ">
    <subfield code="a">Слезкин, Юрий Львович,</subfield>
    <subfield code="d">1885-1947</subfield>
  </datafield>
  <datafield tag="400" ind1="1" ind2=" ">
    <subfield code="a">Delarm, Zhorzh,</subfield>
    <subfield code="d">1885-1947</subfield>
  </datafield>
  <datafield tag="400" ind1="1" ind2=" ">
    <subfield code="a">Деларм, Жорж,</subfield>
    <subfield code="d">1885-1947</subfield>
  </datafield>
  <datafield tag="667" ind1=" " ind2=" ">
    <subfield code="a">Non-Latin script reference not evaluated.</subfield>
  </datafield>
  <datafield tag="670" ind1=" " ind2=" ">
    <subfield code="a">Roman Baleriny, 1928:</subfield>
    <subfield code="b">t.p. (I︠U︡riĭ Slezkin)</subfield>
  </datafield>
  <datafield tag="670" ind1=" " ind2=" ">
    <subfield code="a">NUC pre-56</subfield>
    <subfield code="b">(Slezkin, I︠U︡riĭ Lʹvovich, 1887-1947)</subfield>
  </datafield>
  <datafield tag="670" ind1=" " ind2=" ">
    <subfield code="a">Polonʺ :  literaturnyĭ sbornikʺ, 1916:</subfield>
    <subfield code="b">title page (Ю. Слезкинъ)</subfield>
  </datafield>
  <datafield tag="670" ind1=" " ind2=" ">
    <subfield code="a">Vikipedii︠a︡ (Russian), Feb. 11, 2014</subfield>
    <subfield code="b">I︠U︡riĭ Lʹvovich Slëzkin (b. Dec. 9, 1887; d. Dec. 26, 1947)</subfield>
  </datafield>
  <datafield tag="670" ind1=" " ind2=" ">
    <subfield code="a">Russian National Library card catalog online, viewed 03 January 2020:</subfield>
    <subfield code="b">(heading: Слезкин, Юрий Львович, 1885-1947 = Slezkin, I︠U︡riĭ Lʹvovich, pseudonym: Delarm, Zhorzh; usage: I︠U︡rīĭ Slezkinʺ, I︠U︡rī Slëzkinʺ, I︠U︡riĭ Slezkin; prolific author of novels and short stories)</subfield>
  </datafield>
  <datafield tag="670" ind1=" " ind2=" ">
    <subfield code="a">Russian Vikipedii︠a︡, viewed 03 January 2020:</subfield>
    <subfield code="b">(Слёзкин, Юрий Львович = Slëzkin, I︠U︡riĭ Lʹvovich, writer: born 27 November (9 December) 1885 in Vilna, Russian Empire, died 27 July or 26 December 1947 in Moscow Region)</subfield>
  </datafield>
  <datafield tag="953" ind1=" " ind2=" ">
    <subfield code="a">xx00</subfield>
  </datafield>
  <datafield tag="985" ind1=" " ind2=" ">
    <subfield code="c">RLIN</subfield>
    <subfield code="e">LSPC</subfield>
  </datafield>
</record>