
<record>
  <leader>01093cz  a2200217n  4500</leader>
  <controlfield tag="001">3543878</controlfield>
  <controlfield tag="003">DLC</controlfield>
  <controlfield tag="005">20200103112337.0</controlfield>
  <controlfield tag="008">911126n| azannaabn          |a aaa      </controlfield>
  <datafield tag="010" ind1=" " ind2=" ">
    <subfield code="a">n  91120610 </subfield>
  </datafield>
  <datafield tag="035" ind1=" " ind2=" ">
    <subfield code="a">(OCoLC)oca03065970</subfield>
  </datafield>
  <datafield tag="040" ind1=" " ind2=" ">
    <subfield code="a">DLC</subfield>
    <subfield code="b">eng</subfield>
    <subfield code="e">rda</subfield>
    <subfield code="c">DLC</subfield>
    <subfield code="d">DLC</subfield>
    <subfield code="d">ICU</subfield>
  </datafield>
  <datafield tag="100" ind1="0" ind2=" ">
    <subfield code="a">Sesostris</subfield>
    <subfield code="b">III,</subfield>
    <subfield code="c">King of Egypt</subfield>
  </datafield>
  <datafield tag="400" ind1="0" ind2=" ">
    <subfield code="a">Senusret</subfield>
    <subfield code="b">III,</subfield>
    <subfield code="c">King of Egypt</subfield>
  </datafield>
  <datafield tag="400" ind1="0" ind2=" ">
    <subfield code="a">Senwosret</subfield>
    <subfield code="b">III,</subfield>
    <subfield code="c">King of Egypt</subfield>
  </datafield>
  <datafield tag="670" ind1=" " ind2=" ">
    <subfield code="a">Obsomer, C. Les campagnes de Sésostris dans Hérodote, 1989:</subfield>
    <subfield code="b">p. 11 (Sésostris III)</subfield>
  </datafield>
  <datafield tag="670" ind1=" " ind2=" ">
    <subfield code="a">Visualizing coregency, 2020:</subfield>
    <subfield code="b">ECIP t.p. (Senwosret III)</subfield>
  </datafield>
  <datafield tag="670" ind1=" " ind2=" ">
    <subfield code="a">Encyc. Brit.</subfield>
    <subfield code="b">(Sesostris (Senusret) III, reigned 1878-1843 B.C.; completed the subjugation of Nubia begun by Sesostris I; led expedition into Palestine; centralized authority under his vizier)</subfield>
  </datafield>
  <datafield tag="670" ind1=" " ind2=" ">
    <subfield code="a">Wikipedia, Jan. 3, 2020:</subfield>
    <subfield code="b">Senusret III page (Senusret III; also written as Senwosret III; hellenised form, Sesostris III. Egyptian pharoah. Fifth king of the Twelfth Dynasty of the Middle Kingdom. Ruled from 1878 BC-1839 BC)</subfield>
  </datafield>
  <datafield tag="675" ind1=" " ind2=" ">
    <subfield code="a">Encyc. Americana;</subfield>
    <subfield code="a">Collier&apos;s encyc.</subfield>
  </datafield>
  <datafield tag="953" ind1=" " ind2=" ">
    <subfield code="a">eb17</subfield>
  </datafield>
</record>