
<record>
  <leader>01647cz  a2200337n  4500</leader>
  <controlfield tag="001">3575133</controlfield>
  <controlfield tag="003">DLC</controlfield>
  <controlfield tag="005">20200103073311.0</controlfield>
  <controlfield tag="008">931018nc azannaabn          |b aaa      </controlfield>
  <datafield tag="010" ind1=" " ind2=" ">
    <subfield code="a">nr 93042790 </subfield>
  </datafield>
  <datafield tag="035" ind1=" " ind2=" ">
    <subfield code="a">(OCoLC)oca03493948</subfield>
  </datafield>
  <datafield tag="040" ind1=" " ind2=" ">
    <subfield code="a">DLC-R</subfield>
    <subfield code="b">eng</subfield>
    <subfield code="e">rda</subfield>
    <subfield code="c">DLC-R</subfield>
    <subfield code="d">OCoLC</subfield>
    <subfield code="d">DLC</subfield>
    <subfield code="d">MH</subfield>
  </datafield>
  <datafield tag="046" ind1=" " ind2=" ">
    <subfield code="f">1916-12</subfield>
    <subfield code="g">2015-07-15</subfield>
    <subfield code="2">edtf</subfield>
  </datafield>
  <datafield tag="100" ind1="1" ind2=" ">
    <subfield code="a">Wan, Li,</subfield>
    <subfield code="d">1916-2015</subfield>
  </datafield>
  <datafield tag="370" ind1=" " ind2=" ">
    <subfield code="a">Shandong Sheng (China)</subfield>
    <subfield code="b">Beijing (China)</subfield>
    <subfield code="2">naf</subfield>
  </datafield>
  <datafield tag="373" ind1=" " ind2=" ">
    <subfield code="a">Zhongguo gong chan dang. Zhong yang zheng zhi ju</subfield>
    <subfield code="2">naf</subfield>
  </datafield>
  <datafield tag="373" ind1=" " ind2=" ">
    <subfield code="a">China. Quan guo ren min dai biao da hui. Chang wu wei yuan hui</subfield>
    <subfield code="2">naf</subfield>
  </datafield>
  <datafield tag="374" ind1=" " ind2=" ">
    <subfield code="a">Statesmen</subfield>
    <subfield code="2">lcsh</subfield>
  </datafield>
  <datafield tag="375" ind1=" " ind2=" ">
    <subfield code="a">male</subfield>
  </datafield>
  <datafield tag="377" ind1=" " ind2=" ">
    <subfield code="a">chi</subfield>
  </datafield>
  <datafield tag="400" ind1="1" ind2=" ">
    <subfield code="a">万里,</subfield>
    <subfield code="d">1916-2015</subfield>
  </datafield>
  <datafield tag="400" ind1="1" ind2=" ">
    <subfield code="a">萬里,</subfield>
    <subfield code="d">1916-2015</subfield>
  </datafield>
  <datafield tag="667" ind1=" " ind2=" ">
    <subfield code="a">Machine-derived non-Latin script reference project.</subfield>
  </datafield>
  <datafield tag="667" ind1=" " ind2=" ">
    <subfield code="a">Non-Latin script references not evaluated.</subfield>
  </datafield>
  <datafield tag="667" ind1=" " ind2=" ">
    <subfield code="a">Non-Latin script references reviewed in NACO CJK Funnel References Project.</subfield>
  </datafield>
  <datafield tag="670" ind1=" " ind2=" ">
    <subfield code="a">His Tsao fu jen lei ti i hsiang chan lüeh jen wu, 1992:</subfield>
    <subfield code="b">t.p. (Wan Li)</subfield>
  </datafield>
  <datafield tag="670" ind1=" " ind2=" ">
    <subfield code="a">WW in Chi. Current Leaders, c1989:</subfield>
    <subfield code="b">p. 662 (Wan Li, 1916-; chair of Standing Com., NPC and mem. of Politburo, CPC Cen. Com.)</subfield>
  </datafield>
  <datafield tag="670" ind1=" " ind2=" ">
    <subfield code="a">New York times WWW site, viewed July 20, 2015</subfield>
    <subfield code="b">(in obituary published July 16: Wan Li; b. Dec. 1916, Shandong Province; d. Wednesday [July 15, 2015], Beijing, aged 98; Communist Party leader who helped end the failed Mao-era policy of collective farming, which had left rural Chinese in desperate poverty)</subfield>
  </datafield>
  <datafield tag="670" ind1=" " ind2=" ">
    <subfield code="a">OCLC #29478195, January 2, 2020</subfield>
    <subfield code="b">(access point: 万里, 1916-2015 = Wan, Li, 1916-2015 ; usage: 万里 = Wan Li)</subfield>
  </datafield>
  <datafield tag="953" ind1=" " ind2=" ">
    <subfield code="a">xx00</subfield>
  </datafield>
  <datafield tag="985" ind1=" " ind2=" ">
    <subfield code="c">RLIN</subfield>
    <subfield code="e">LSPC</subfield>
  </datafield>
</record>