
<record>
  <leader>01461cz  a2200337n  4500</leader>
  <controlfield tag="001">3595380</controlfield>
  <controlfield tag="003">DLC</controlfield>
  <controlfield tag="005">20200103073316.0</controlfield>
  <controlfield tag="008">941111nc azannaabn          |b aaa     c</controlfield>
  <datafield tag="010" ind1=" " ind2=" ">
    <subfield code="a">no 94040430 </subfield>
  </datafield>
  <datafield tag="035" ind1=" " ind2=" ">
    <subfield code="a">(OCoLC)oca03723511</subfield>
  </datafield>
  <datafield tag="040" ind1=" " ind2=" ">
    <subfield code="a">OrU</subfield>
    <subfield code="b">eng</subfield>
    <subfield code="c">OrU</subfield>
    <subfield code="d">OCoLC</subfield>
    <subfield code="d">TxU</subfield>
    <subfield code="d">ViU</subfield>
    <subfield code="d">OCoLC</subfield>
    <subfield code="e">rda</subfield>
    <subfield code="d">NNC</subfield>
    <subfield code="d">MH</subfield>
  </datafield>
  <datafield tag="046" ind1=" " ind2=" ">
    <subfield code="f">1953</subfield>
  </datafield>
  <datafield tag="100" ind1="1" ind2=" ">
    <subfield code="a">Wan, Ming,</subfield>
    <subfield code="d">1953-</subfield>
  </datafield>
  <datafield tag="372" ind1=" " ind2=" ">
    <subfield code="a">Chinese history</subfield>
    <subfield code="v">Gu dai Zhong xi wen hua jiao liu, 2010</subfield>
  </datafield>
  <datafield tag="373" ind1=" " ind2=" ">
    <subfield code="a">Beijing da xue li shi xi</subfield>
    <subfield code="v">Gu dai Zhong xi wen hua jiao liu, 2010</subfield>
  </datafield>
  <datafield tag="373" ind1=" " ind2=" ">
    <subfield code="a">Zhongguo she hui ke xue yuan li shi suo</subfield>
    <subfield code="v">Gu dai Zhong xi wen hua jiao liu, 2010</subfield>
  </datafield>
  <datafield tag="374" ind1=" " ind2=" ">
    <subfield code="a">Historians</subfield>
    <subfield code="2">lcsh</subfield>
    <subfield code="v">Gu dai Zhong xi wen hua jiao liu, 2010</subfield>
  </datafield>
  <datafield tag="375" ind1=" " ind2=" ">
    <subfield code="a">female</subfield>
  </datafield>
  <datafield tag="377" ind1=" " ind2=" ">
    <subfield code="a">chi</subfield>
  </datafield>
  <datafield tag="400" ind1="1" ind2=" ">
    <subfield code="a">万明,</subfield>
    <subfield code="d">1953-</subfield>
  </datafield>
  <datafield tag="400" ind1="1" ind2=" ">
    <subfield code="a">萬明,</subfield>
    <subfield code="d">1953-</subfield>
  </datafield>
  <datafield tag="667" ind1=" " ind2=" ">
    <subfield code="a">Machine-derived non-Latin script reference project.</subfield>
  </datafield>
  <datafield tag="667" ind1=" " ind2=" ">
    <subfield code="a">Non-Latin script references not evaluated.</subfield>
  </datafield>
  <datafield tag="667" ind1=" " ind2=" ">
    <subfield code="a">Non-Latin script references reviewed in NACO CJK Funnel References Project.</subfield>
  </datafield>
  <datafield tag="670" ind1=" " ind2=" ">
    <subfield code="a">Ku tai Chung hsi wen hua chiao liu, 1993:</subfield>
    <subfield code="b">t.p. (Wan Ming) front flap (b. 1953; asst. researcher, Chung-kuo she hui kʻo hsüeh yüan li shih yen chiu so)</subfield>
  </datafield>
  <datafield tag="667" ind1=" " ind2=" ">
    <subfield code="a">Not the same as: Wan, Ming, 1960-</subfield>
  </datafield>
  <datafield tag="670" ind1=" " ind2=" ">
    <subfield code="a">Ming Taizu ben zhuan, 1996:</subfield>
    <subfield code="b">p.2 of cover (Wan Ming; female, historian)</subfield>
  </datafield>
  <datafield tag="670" ind1=" " ind2=" ">
    <subfield code="a">OCLC #37943625, January 2, 2020</subfield>
    <subfield code="b">(access point: 万明, 1953- = Wan, Ming, 1953- ; usage: 万明 = Wan Ming)</subfield>
  </datafield>
  <datafield tag="953" ind1=" " ind2=" ">
    <subfield code="a">xx00</subfield>
  </datafield>
  <datafield tag="985" ind1=" " ind2=" ">
    <subfield code="c">OCLC</subfield>
    <subfield code="e">LSPC</subfield>
  </datafield>
</record>