
<record>
  <leader>00994cz  a2200253n  4500</leader>
  <controlfield tag="001">3606552</controlfield>
  <controlfield tag="003">DLC</controlfield>
  <controlfield tag="005">20200103102907.0</controlfield>
  <controlfield tag="008">950302n| azannaabn          |a ana     c</controlfield>
  <datafield tag="010" ind1=" " ind2=" ">
    <subfield code="a">no 95009930 </subfield>
  </datafield>
  <datafield tag="035" ind1=" " ind2=" ">
    <subfield code="a">(OCoLC)oca03783423</subfield>
  </datafield>
  <datafield tag="040" ind1=" " ind2=" ">
    <subfield code="a">OCl</subfield>
    <subfield code="b">eng</subfield>
    <subfield code="e">rda</subfield>
    <subfield code="c">OCl</subfield>
    <subfield code="d">GU</subfield>
    <subfield code="d">DLC</subfield>
  </datafield>
  <datafield tag="046" ind1=" " ind2=" ">
    <subfield code="s">1995</subfield>
    <subfield code="2">edtf</subfield>
  </datafield>
  <datafield tag="110" ind1="2" ind2=" ">
    <subfield code="a">Rock and Roll Hall of Fame and Museum</subfield>
  </datafield>
  <datafield tag="370" ind1=" " ind2=" ">
    <subfield code="e">Cleveland (Ohio)</subfield>
    <subfield code="2">naf</subfield>
  </datafield>
  <datafield tag="372" ind1=" " ind2=" ">
    <subfield code="a">Rock music</subfield>
    <subfield code="2">lcsh</subfield>
  </datafield>
  <datafield tag="410" ind1="2" ind2=" ">
    <subfield code="a">Rock and Roll Hall of Fame + Museum</subfield>
  </datafield>
  <datafield tag="410" ind1="2" ind2=" ">
    <subfield code="a">Rock &amp; Roll Hall of Fame &amp; Museum</subfield>
  </datafield>
  <datafield tag="410" ind1="2" ind2=" ">
    <subfield code="a">RRHOF</subfield>
  </datafield>
  <datafield tag="670" ind1=" " ind2=" ">
    <subfield code="a">Liner notes, July/Aug. 1994:</subfield>
    <subfield code="b">t.p. (Rock and Roll Hall of Fame and Museum) p. 6 (Rock and Roll Hall of Fame + Museum)</subfield>
  </datafield>
  <datafield tag="670" ind1=" " ind2=" ">
    <subfield code="a">Hellhounds on my trail, c1999:</subfield>
    <subfield code="b">container (The Rock &amp; Roll Hall of Fame &amp; Museum)</subfield>
  </datafield>
  <datafield tag="670" ind1=" " ind2=" ">
    <subfield code="a">Wikipedia, January 3, 2020</subfield>
    <subfield code="b">(Rock and Roll Hall of Fame (RRHOF); located in downtown Cleveland; opened in 1995)</subfield>
    <subfield code="u">https://en.wikipedia.org/wiki/Rock_and_Roll_Hall_of_Fame</subfield>
  </datafield>
  <datafield tag="953" ind1=" " ind2=" ">
    <subfield code="a">xx00</subfield>
  </datafield>
  <datafield tag="985" ind1=" " ind2=" ">
    <subfield code="c">OCLC</subfield>
    <subfield code="e">LSPC</subfield>
  </datafield>
</record>