
<record>
  <leader>01274cz  a2200277n  4500</leader>
  <controlfield tag="001">3610511</controlfield>
  <controlfield tag="003">DLC</controlfield>
  <controlfield tag="005">20200103073316.0</controlfield>
  <controlfield tag="008">950310n| acannaabn          |a aaa      </controlfield>
  <datafield tag="010" ind1=" " ind2=" ">
    <subfield code="a">n  95023900 </subfield>
  </datafield>
  <datafield tag="035" ind1=" " ind2=" ">
    <subfield code="a">(OCoLC)oca03791048</subfield>
  </datafield>
  <datafield tag="040" ind1=" " ind2=" ">
    <subfield code="a">DLC</subfield>
    <subfield code="b">eng</subfield>
    <subfield code="c">DLC</subfield>
    <subfield code="d">DLC</subfield>
    <subfield code="d">UPB</subfield>
  </datafield>
  <datafield tag="046" ind1=" " ind2=" ">
    <subfield code="f">1824-07-26</subfield>
    <subfield code="g">1889-03-27</subfield>
    <subfield code="2">edtf</subfield>
  </datafield>
  <datafield tag="100" ind1="1" ind2=" ">
    <subfield code="a">Fürstenau, Moritz,</subfield>
    <subfield code="d">1824-1889</subfield>
  </datafield>
  <datafield tag="370" ind1=" " ind2=" ">
    <subfield code="a">Dresden (Germany)</subfield>
    <subfield code="b">Dresden (Germany)</subfield>
    <subfield code="2">naf</subfield>
  </datafield>
  <datafield tag="374" ind1=" " ind2=" ">
    <subfield code="a">Composers</subfield>
    <subfield code="2">lcsh</subfield>
  </datafield>
  <datafield tag="374" ind1=" " ind2=" ">
    <subfield code="a">Flute players</subfield>
    <subfield code="2">lcsh</subfield>
  </datafield>
  <datafield tag="374" ind1=" " ind2=" ">
    <subfield code="a">Musicologists</subfield>
    <subfield code="2">lcsh</subfield>
  </datafield>
  <datafield tag="374" ind1=" " ind2=" ">
    <subfield code="a">Arrangers (Musicians)</subfield>
    <subfield code="2">lcsh</subfield>
  </datafield>
  <datafield tag="375" ind1=" " ind2=" ">
    <subfield code="a">Males</subfield>
    <subfield code="2">lcdgt</subfield>
  </datafield>
  <datafield tag="400" ind1="1" ind2=" ">
    <subfield code="a">Fürstenau, M.</subfield>
    <subfield code="q">(Moritz),</subfield>
    <subfield code="d">1824-1889</subfield>
  </datafield>
  <datafield tag="670" ind1=" " ind2=" ">
    <subfield code="a">His La concorde, c1993:</subfield>
    <subfield code="b">t.p. (Moritz Fürstenau; 1824-1889) caption (M. Fürstenau)</subfield>
  </datafield>
  <datafield tag="670" ind1=" " ind2=" ">
    <subfield code="a">Wikipedia, accessed 30 December 2019</subfield>
    <subfield code="b">(Moritz Ludwig Carl Ignaz Franz August Fürstenau; born 26 July 1824 in Dresden and died on 27 March 1889, also in Dresden; was a German flautist, composer, and music historian)</subfield>
  </datafield>
  <datafield tag="670" ind1=" " ind2=" ">
    <subfield code="a">Wagner, Richard. 12 Stücke aus Richard Wagner&apos;s Opern: Rienzi, der fliegwende Holländer und Tannhäuser, between 1880 and 1889?</subfield>
    <subfield code="b">cover (arranged by Moritz Fürstenau)</subfield>
  </datafield>
  <datafield tag="678" ind1=" " ind2=" ">
    <subfield code="a">Moritz Fürstenau (1824-1889) was a German flautist, composer, and musicologist.</subfield>
  </datafield>
  <datafield tag="953" ind1=" " ind2=" ">
    <subfield code="a">vk03</subfield>
  </datafield>
</record>