
<record>
  <leader>00817cz  a2200217n  4500</leader>
  <controlfield tag="001">3624352</controlfield>
  <controlfield tag="003">DLC</controlfield>
  <controlfield tag="005">20200103115304.0</controlfield>
  <controlfield tag="008">951129n| azannaab           |a aaa      </controlfield>
  <datafield tag="010" ind1=" " ind2=" ">
    <subfield code="a">n  95114850 </subfield>
  </datafield>
  <datafield tag="035" ind1=" " ind2=" ">
    <subfield code="a">(DLC)n  95114850</subfield>
  </datafield>
  <datafield tag="040" ind1=" " ind2=" ">
    <subfield code="a">DLC</subfield>
    <subfield code="b">eng</subfield>
    <subfield code="e">rda</subfield>
    <subfield code="c">DLC</subfield>
    <subfield code="d">DLC</subfield>
    <subfield code="d">OrLoB</subfield>
    <subfield code="d">DLC</subfield>
  </datafield>
  <datafield tag="046" ind1=" " ind2=" ">
    <subfield code="f">1827-05-08</subfield>
    <subfield code="g">1921-02-02</subfield>
    <subfield code="2">edtf</subfield>
  </datafield>
  <datafield tag="100" ind1="1" ind2=" ">
    <subfield code="a">Tajani, Diego,</subfield>
    <subfield code="d">1827-1921</subfield>
  </datafield>
  <datafield tag="370" ind1=" " ind2=" ">
    <subfield code="a">Cutro (Italy)</subfield>
    <subfield code="b">Rome (Italy)</subfield>
    <subfield code="2">naf</subfield>
  </datafield>
  <datafield tag="374" ind1=" " ind2=" ">
    <subfield code="a">Politicians</subfield>
    <subfield code="a">Judges</subfield>
    <subfield code="2">lcsh</subfield>
  </datafield>
  <datafield tag="400" ind1="1" ind2=" ">
    <subfield code="w">nnea</subfield>
    <subfield code="a">Tajani, Diego,</subfield>
    <subfield code="d">b. 1827</subfield>
  </datafield>
  <datafield tag="670" ind1=" " ind2=" ">
    <subfield code="a">Mafia e potere, 1993:</subfield>
    <subfield code="b">t.p. (Diego Tajani) p. 7 (b. 06-08-1827 in Cutro)</subfield>
  </datafield>
  <datafield tag="670" ind1=" " ind2=" ">
    <subfield code="a">Diego Tajani, 2019:</subfield>
    <subfield code="b">page 31-32 (magistrate who served 47 years in Italian Parliament as deputy, then senator; died in Rome Feb. 2, 1921)</subfield>
  </datafield>
  <datafield tag="675" ind1=" " ind2=" ">
    <subfield code="a">Diz. biog. dei meridionali;</subfield>
    <subfield code="a">GEV, 1971;</subfield>
    <subfield code="a">Enc. italiana</subfield>
  </datafield>
  <datafield tag="953" ind1=" " ind2=" ">
    <subfield code="a">sb17</subfield>
  </datafield>
</record>