
<record>
  <leader>01911cz  a2200217n  4500</leader>
  <controlfield tag="001">3640391</controlfield>
  <controlfield tag="003">DLC</controlfield>
  <controlfield tag="005">20200103073309.0</controlfield>
  <controlfield tag="008">960529n| azannaabn          |n aaa      </controlfield>
  <datafield tag="010" ind1=" " ind2=" ">
    <subfield code="a">n  96053020 </subfield>
  </datafield>
  <datafield tag="035" ind1=" " ind2=" ">
    <subfield code="a">(OCoLC)oca04088670</subfield>
  </datafield>
  <datafield tag="040" ind1=" " ind2=" ">
    <subfield code="a">DLC</subfield>
    <subfield code="b">eng</subfield>
    <subfield code="e">rda</subfield>
    <subfield code="c">DLC</subfield>
    <subfield code="d">OU</subfield>
  </datafield>
  <datafield tag="046" ind1=" " ind2=" ">
    <subfield code="f">1903-02-14</subfield>
    <subfield code="g">1982-10-13</subfield>
    <subfield code="2">edtf</subfield>
  </datafield>
  <datafield tag="100" ind1="1" ind2=" ">
    <subfield code="a">Kupisch, Karl,</subfield>
    <subfield code="d">1903-1982</subfield>
  </datafield>
  <datafield tag="370" ind1=" " ind2=" ">
    <subfield code="a">Berlin (Germany)</subfield>
    <subfield code="b">Berlin (Germany)</subfield>
    <subfield code="2">naf</subfield>
  </datafield>
  <datafield tag="374" ind1=" " ind2=" ">
    <subfield code="a">Church historians</subfield>
    <subfield code="a">Theologians</subfield>
    <subfield code="a">College teachers</subfield>
    <subfield code="2">lcsh</subfield>
  </datafield>
  <datafield tag="375" ind1=" " ind2=" ">
    <subfield code="a">Males</subfield>
    <subfield code="2">lcdgt</subfield>
  </datafield>
  <datafield tag="670" ind1=" " ind2=" ">
    <subfield code="a">Der Götze wackelt, 1993:</subfield>
    <subfield code="b">t.p. (Karl Kupisch)</subfield>
  </datafield>
  <datafield tag="670" ind1=" " ind2=" ">
    <subfield code="a">LC database, May 29, 1996</subfield>
    <subfield code="b">(hdg.: Kupisch, Karl, 1903- )</subfield>
  </datafield>
  <datafield tag="670" ind1=" " ind2=" ">
    <subfield code="a">Wikidata via Wikipedia, January 2, 2020</subfield>
    <subfield code="b">(alias: Karl Kupisch, Kupisch; LCAuth identifier: n96053020; VIAF identifier: 110686185; GND identifier: 118568183; ISNI (P213): 0000000110326889; place of birth: Berlin; place of death: Berlin; country of citizenship: Germany; instance of: human; date of birth: +1903-02-14T00:00:00Z; date of death: +1982-10-13T00:00:00Z; occupation: church historian, theologian, university teacher; employer: Technical University of Berlin, Kirchlichen Hochschule Berlin-Zehlendorf; given name: Karl; NTA identifier (Netherlands): 068428812; NLI (Israel) identifier: 000604281, 000079479; FAST-ID: 375454; languages spoken or published: German; BNE identifier: XX990783; SHARE Catalogue author ID (P3987): 206799; Angelicum author ID (P5731): 29414; SUDOC authorities: 058608141; sex or gender: male; NKC identifier: jn20010602533; NUKAT authorities: n2007138451; PUSC author ID (P5739): 44285; National Library of Korea Identifier (P5034): KAC2018O0708; description/label: deutscher evangelischer Kirchenhistoriker, Duits kerkhistoricus , German church historian and theologian, professor académico alemão, staraí na hEaglaise agus diagaire Gearmánach, tysk professor)</subfield>
    <subfield code="u">http://www.wikidata.org/entity/Q1732066</subfield>
  </datafield>
  <datafield tag="953" ind1=" " ind2=" ">
    <subfield code="a">sc09</subfield>
  </datafield>
</record>