
<record>
  <leader>00937cz  a2200253n  4500</leader>
  <controlfield tag="001">3668933</controlfield>
  <controlfield tag="003">DLC</controlfield>
  <controlfield tag="005">20200103173201.0</controlfield>
  <controlfield tag="008">971229n| azannaab           |n aaa     c</controlfield>
  <datafield tag="010" ind1=" " ind2=" ">
    <subfield code="a">no 97081270 </subfield>
  </datafield>
  <datafield tag="035" ind1=" " ind2=" ">
    <subfield code="a">(OCoLC)oca04568275</subfield>
  </datafield>
  <datafield tag="035" ind1=" " ind2=" ">
    <subfield code="a">(DLC)no 97081270</subfield>
  </datafield>
  <datafield tag="040" ind1=" " ind2=" ">
    <subfield code="a">OCoLC</subfield>
    <subfield code="b">eng</subfield>
    <subfield code="e">rda</subfield>
    <subfield code="c">OCoLC</subfield>
    <subfield code="d">DLC</subfield>
  </datafield>
  <datafield tag="046" ind1=" " ind2=" ">
    <subfield code="k">1769?</subfield>
    <subfield code="2">edtf</subfield>
  </datafield>
  <datafield tag="100" ind1="1" ind2=" ">
    <subfield code="a">Vanhal, Johann Baptist,</subfield>
    <subfield code="d">1739-1813.</subfield>
    <subfield code="t">Symphonies,</subfield>
    <subfield code="n">B. F5,</subfield>
    <subfield code="r">F major</subfield>
  </datafield>
  <datafield tag="380" ind1=" " ind2=" ">
    <subfield code="a">Symphonies</subfield>
    <subfield code="2">lcgft</subfield>
  </datafield>
  <datafield tag="382" ind1="0" ind2=" ">
    <subfield code="a">orchestra</subfield>
    <subfield code="2">lcmpt</subfield>
  </datafield>
  <datafield tag="383" ind1=" " ind2=" ">
    <subfield code="c">B. F5</subfield>
    <subfield code="d">Bryan</subfield>
    <subfield code="2">mlati</subfield>
  </datafield>
  <datafield tag="384" ind1="0" ind2=" ">
    <subfield code="a">F major</subfield>
  </datafield>
  <datafield tag="667" ind1=" " ind2=" ">
    <subfield code="a">Machine-derived authority record.</subfield>
  </datafield>
  <datafield tag="670" ind1=" " ind2=" ">
    <subfield code="a">LCCN 86-754153: Vanhal, J.B. Concerto fa maggiore per due fagotti ed orchestra ; Sinfonia in fa maggiore ; Sinfonia in la minore, p1985</subfield>
  </datafield>
  <datafield tag="670" ind1=" " ind2=" ">
    <subfield code="a">Bryan, P.R. Symphonies of Johann Vanhal, 1956</subfield>
    <subfield code="b">(F5; 1769?; 2 Ob., 2 Hn., Str. (2 Fl. replace 2 Ob. in 2nd movt., separate part fo Vc. in 2nd movt.))</subfield>
  </datafield>
  <datafield tag="953" ind1=" " ind2=" ">
    <subfield code="a">xx00</subfield>
  </datafield>
  <datafield tag="985" ind1=" " ind2=" ">
    <subfield code="c">OCLC</subfield>
    <subfield code="e">LSPC</subfield>
  </datafield>
</record>