
<record>
  <leader>00788cz  a2200181n  4500</leader>
  <controlfield tag="001">3719587</controlfield>
  <controlfield tag="003">DLC</controlfield>
  <controlfield tag="005">20200103105826.0</controlfield>
  <controlfield tag="008">990503n| azannaabn          |n aaa      </controlfield>
  <datafield tag="010" ind1=" " ind2=" ">
    <subfield code="a">n  99033180 </subfield>
  </datafield>
  <datafield tag="035" ind1=" " ind2=" ">
    <subfield code="a">(OCoLC)oca04977898</subfield>
  </datafield>
  <datafield tag="040" ind1=" " ind2=" ">
    <subfield code="a">DLC</subfield>
    <subfield code="b">eng</subfield>
    <subfield code="e">rda</subfield>
    <subfield code="c">DLC</subfield>
    <subfield code="d">ICU</subfield>
    <subfield code="d">DLC</subfield>
  </datafield>
  <datafield tag="100" ind1="1" ind2=" ">
    <subfield code="a">Fehér, Katalin</subfield>
  </datafield>
  <datafield tag="667" ind1=" " ind2=" ">
    <subfield code="a">Cannot identify with Hász-Fehér, Katalin, 1946-)</subfield>
  </datafield>
  <datafield tag="670" ind1=" " ind2=" ">
    <subfield code="a">Festetics György emlékkötet, 1997:</subfield>
    <subfield code="b">p. 7 (Fehér Katalin)</subfield>
  </datafield>
  <datafield tag="670" ind1=" " ind2=" ">
    <subfield code="a">National Szechenyi Library online catalog (viewed 28 Oct. 2011):</subfield>
    <subfield code="b">(hdg.: Fehér Katalin 1950- )</subfield>
  </datafield>
  <datafield tag="670" ind1=" " ind2=" ">
    <subfield code="a">Értelmiség és nevelés a felvilágosodás kori Magyarországon, 2017:</subfield>
    <subfield code="b">p. 229 (Dr. habil. Fehér Katalin Csc, professor emeritus; focus on 18th-19th century Hungarian cultural history)</subfield>
  </datafield>
  <datafield tag="953" ind1=" " ind2=" ">
    <subfield code="a">sd07</subfield>
    <subfield code="b">fc11</subfield>
  </datafield>
</record>