
<record>
  <leader>02971cz  a2200553n  4500</leader>
  <controlfield tag="001">3731909</controlfield>
  <controlfield tag="003">DLC</controlfield>
  <controlfield tag="005">20200103115710.0</controlfield>
  <controlfield tag="008">800820n| azannaabn          |b aaa      </controlfield>
  <datafield tag="010" ind1=" " ind2=" ">
    <subfield code="a">n  50051063 </subfield>
  </datafield>
  <datafield tag="035" ind1=" " ind2=" ">
    <subfield code="a">(OCoLC)oca00086078</subfield>
  </datafield>
  <datafield tag="040" ind1=" " ind2=" ">
    <subfield code="a">DLC</subfield>
    <subfield code="b">eng</subfield>
    <subfield code="e">rda</subfield>
    <subfield code="c">DLC</subfield>
    <subfield code="d">DLC</subfield>
    <subfield code="d">OCoLC</subfield>
    <subfield code="d">CSt</subfield>
    <subfield code="d">InU</subfield>
    <subfield code="d">DLC</subfield>
    <subfield code="d">WU</subfield>
    <subfield code="d">DLC</subfield>
  </datafield>
  <datafield tag="046" ind1=" " ind2=" ">
    <subfield code="f">1877</subfield>
    <subfield code="g">1957</subfield>
    <subfield code="2">edtf</subfield>
  </datafield>
  <datafield tag="053" ind1=" " ind2="0">
    <subfield code="a">PG3470.R4</subfield>
  </datafield>
  <datafield tag="100" ind1="1" ind2=" ">
    <subfield code="a">Remizov, Alekseĭ,</subfield>
    <subfield code="d">1877-1957</subfield>
  </datafield>
  <datafield tag="370" ind1=" " ind2=" ">
    <subfield code="a">Moscow (Russia)</subfield>
    <subfield code="b">Paris (France)</subfield>
    <subfield code="f">Saint Petersburg (Russia)</subfield>
    <subfield code="f">Berlin (Germany)</subfield>
    <subfield code="2">lcsh</subfield>
  </datafield>
  <datafield tag="374" ind1=" " ind2=" ">
    <subfield code="a">Authors, Russian</subfield>
    <subfield code="a">Poets, Russian</subfield>
    <subfield code="a">Dramatists, Russian</subfield>
    <subfield code="2">lcsh</subfield>
  </datafield>
  <datafield tag="377" ind1=" " ind2=" ">
    <subfield code="a">rus</subfield>
  </datafield>
  <datafield tag="378" ind1=" " ind2=" ">
    <subfield code="q">Alekseĭ Mikhaĭlovich</subfield>
  </datafield>
  <datafield tag="400" ind1="1" ind2=" ">
    <subfield code="a">Remisoff, Alexei,</subfield>
    <subfield code="d">1877-1957</subfield>
  </datafield>
  <datafield tag="400" ind1="1" ind2=" ">
    <subfield code="a">Remisov, Alexej Michailowitsch,</subfield>
    <subfield code="d">1877-1957</subfield>
  </datafield>
  <datafield tag="400" ind1="1" ind2=" ">
    <subfield code="a">Remisow, Alexej,</subfield>
    <subfield code="d">1877-1957</subfield>
  </datafield>
  <datafield tag="400" ind1="1" ind2=" ">
    <subfield code="a">Remizov, A.</subfield>
    <subfield code="q">(Alekseĭ),</subfield>
    <subfield code="d">1877-1957</subfield>
  </datafield>
  <datafield tag="400" ind1="1" ind2=" ">
    <subfield code="a">Remizov, A. M.</subfield>
    <subfield code="q">(Alekseĭ Mikhaĭlovich),</subfield>
    <subfield code="d">1877-1957</subfield>
  </datafield>
  <datafield tag="400" ind1="1" ind2=" ">
    <subfield code="a">Remizov, Alekseĭ</subfield>
    <subfield code="q">(Alekseĭ Mikhaĭlovich),</subfield>
    <subfield code="d">1877-1957</subfield>
  </datafield>
  <datafield tag="400" ind1="1" ind2=" ">
    <subfield code="w">nna</subfield>
    <subfield code="a">Remizov, Alekseĭ Mikhaĭlovich,</subfield>
    <subfield code="d">1877-1957</subfield>
  </datafield>
  <datafield tag="400" ind1="1" ind2=" ">
    <subfield code="a">Remizov, Aleksey Mikhaylovich,</subfield>
    <subfield code="d">1877-1957</subfield>
  </datafield>
  <datafield tag="400" ind1="1" ind2=" ">
    <subfield code="a">Remizov, Aleksi︠e︡ĭ,</subfield>
    <subfield code="d">1877-1957</subfield>
  </datafield>
  <datafield tag="400" ind1="1" ind2=" ">
    <subfield code="a">Remizov, Aleksi︠e︡ĭ Mikhaĭlovich,</subfield>
    <subfield code="d">1877-1957</subfield>
  </datafield>
  <datafield tag="400" ind1="1" ind2=" ">
    <subfield code="a">Riemizow, Aleksy,</subfield>
    <subfield code="d">1877-1957</subfield>
  </datafield>
  <datafield tag="400" ind1="1" ind2=" ">
    <subfield code="a">Ремизов, А. М.</subfield>
    <subfield code="q">(Алексей Михайлович),</subfield>
    <subfield code="d">1877-1957</subfield>
  </datafield>
  <datafield tag="400" ind1="1" ind2=" ">
    <subfield code="a">Ремизов, Алексей,</subfield>
    <subfield code="d">1877-1957</subfield>
  </datafield>
  <datafield tag="400" ind1="1" ind2=" ">
    <subfield code="a">Ремизов, Алексей Михайлович,</subfield>
    <subfield code="d">1877-1957</subfield>
  </datafield>
  <datafield tag="400" ind1="1" ind2=" ">
    <subfield code="a">Ремизов, Алексѣй,</subfield>
    <subfield code="d">1877-1957</subfield>
  </datafield>
  <datafield tag="400" ind1="1" ind2=" ">
    <subfield code="a">Ремизов, Алексѣй Михайлович,</subfield>
    <subfield code="d">1877-1957</subfield>
  </datafield>
  <datafield tag="667" ind1=" " ind2=" ">
    <subfield code="a">Non-Latin script references not evaluated.</subfield>
  </datafield>
  <datafield tag="670" ind1=" " ind2=" ">
    <subfield code="a">The clock, 1924.</subfield>
  </datafield>
  <datafield tag="670" ind1=" " ind2=" ">
    <subfield code="a">Rossii︠a︡ v pisʹmenakh, 1982:</subfield>
    <subfield code="b">t.p. (A. Remizov) facsim. of original t.p. (Aleksi︠e︡ĭ Remizov)</subfield>
  </datafield>
  <datafield tag="670" ind1=" " ind2=" ">
    <subfield code="a">Encycl. Brit.</subfield>
    <subfield code="b">(Remizov, Aleksey (Mikhaylovich))</subfield>
  </datafield>
  <datafield tag="670" ind1=" " ind2=" ">
    <subfield code="a">Encycl. Amer.</subfield>
    <subfield code="b">(Remizov, Aleksei Mikhailovich)</subfield>
  </datafield>
  <datafield tag="670" ind1=" " ind2=" ">
    <subfield code="a">Elagin, I︠U︡. Temnyĭ geniĭ, 1982:</subfield>
    <subfield code="b">t.p. (A. M. Remizovym)</subfield>
  </datafield>
  <datafield tag="670" ind1=" " ind2=" ">
    <subfield code="a">Gewagtes Schicksal, 1988:</subfield>
    <subfield code="b">t.p. (Alexej Remisow)</subfield>
  </datafield>
  <datafield tag="670" ind1=" " ind2=" ">
    <subfield code="a">Modernistyczny starowierca, 1994:</subfield>
    <subfield code="b">t.p. (Aleksego Riemizowa)</subfield>
  </datafield>
  <datafield tag="670" ind1=" " ind2=" ">
    <subfield code="a">Handbook of Russian literature, 1985:</subfield>
    <subfield code="b">page 368 (Remizov, Aleksei Mikhailovich, 1877-1957: Russian novelist, short-story writer, poet, dramatist, memoirist; born in Moscow, expelled from Moscow University in 1896 for participating in a demonstration; repeatedly arrested and exiled; settled in St. Petersburg in 1905)</subfield>
  </datafield>
  <datafield tag="670" ind1=" " ind2=" ">
    <subfield code="a">Russian Vikipedii︠a︡, viewed 03 January 2020:</subfield>
    <subfield code="b">(Алексей Михайлович Ремизов = Alekseĭ Mikhaĭlovich Remizov: born 24 June (6 July) in Moscow; left St. Petersburg for Berlin in 1921 ostensibly for health reasons; 1923 emigrated to Paris; died in Paris 26 November 1957)</subfield>
  </datafield>
  <datafield tag="675" ind1=" " ind2=" ">
    <subfield code="a">Collier&apos;s encycl.</subfield>
  </datafield>
  <datafield tag="952" ind1=" " ind2=" ">
    <subfield code="a">RETRO</subfield>
  </datafield>
  <datafield tag="952" ind1=" " ind2=" ">
    <subfield code="a">*ec20 030 081 171 10-25-90</subfield>
  </datafield>
  <datafield tag="953" ind1=" " ind2=" ">
    <subfield code="a">xx00</subfield>
    <subfield code="b">le19</subfield>
  </datafield>
</record>