
<record>
  <leader>01751cz  a2200301n  4500</leader>
  <controlfield tag="001">3734161</controlfield>
  <controlfield tag="003">DLC</controlfield>
  <controlfield tag="005">20200103073219.0</controlfield>
  <controlfield tag="008">801231n| azannaabn          |a ana      </controlfield>
  <datafield tag="010" ind1=" " ind2=" ">
    <subfield code="a">n  50075403 </subfield>
  </datafield>
  <datafield tag="035" ind1=" " ind2=" ">
    <subfield code="a">(OCoLC)oca00109158</subfield>
  </datafield>
  <datafield tag="040" ind1=" " ind2=" ">
    <subfield code="a">DLC</subfield>
    <subfield code="b">eng</subfield>
    <subfield code="e">rda</subfield>
    <subfield code="c">DLC</subfield>
    <subfield code="d">DLC</subfield>
    <subfield code="d">MiEM</subfield>
    <subfield code="d">DLC</subfield>
    <subfield code="d">DNLM</subfield>
  </datafield>
  <datafield tag="046" ind1=" " ind2=" ">
    <subfield code="s">1916</subfield>
    <subfield code="2">edtf</subfield>
  </datafield>
  <datafield tag="111" ind1="2" ind2=" ">
    <subfield code="a">Pan American Child Congress</subfield>
  </datafield>
  <datafield tag="368" ind1=" " ind2=" ">
    <subfield code="a">Congresses and conventions</subfield>
    <subfield code="2">lcsh</subfield>
  </datafield>
  <datafield tag="411" ind1="2" ind2=" ">
    <subfield code="a">American Child&apos;s Congress</subfield>
  </datafield>
  <datafield tag="411" ind1="2" ind2=" ">
    <subfield code="a">Congrès pan-américain de l&apos;enfant</subfield>
  </datafield>
  <datafield tag="411" ind1="2" ind2=" ">
    <subfield code="a">Congreso Americano del Niño</subfield>
  </datafield>
  <datafield tag="411" ind1="2" ind2=" ">
    <subfield code="a">Congreso Panamericano del Niño</subfield>
  </datafield>
  <datafield tag="411" ind1="2" ind2=" ">
    <subfield code="a">Congresso Americano da Creança</subfield>
  </datafield>
  <datafield tag="411" ind1="2" ind2=" ">
    <subfield code="a">Congresso Pan-Americano da Criança</subfield>
  </datafield>
  <datafield tag="511" ind1="2" ind2=" ">
    <subfield code="w">r</subfield>
    <subfield code="i">Predecessor:</subfield>
    <subfield code="a">American Child Congress</subfield>
  </datafield>
  <datafield tag="667" ind1=" " ind2=" ">
    <subfield code="a">See also related access points for individual instances of this conference, which include specific information about the number, date, or place of individual conferences.</subfield>
  </datafield>
  <datafield tag="670" ind1=" " ind2=" ">
    <subfield code="a">Final act, 1924:</subfield>
    <subfield code="b">t.p. (Pan American Child Congress)</subfield>
  </datafield>
  <datafield tag="670" ind1=" " ind2=" ">
    <subfield code="a">Organization and conclusions approved, 1922:</subfield>
    <subfield code="b">t.p. (American Child Congress)</subfield>
  </datafield>
  <datafield tag="670" ind1=" " ind2=" ">
    <subfield code="a">Inter-American Children&apos;s Institute www site, Nov. 18, 2019</subfield>
    <subfield code="b">(The Pan American Child Congress is one of the three organs of the IIN (along with the Directing Council and the Direction General), its objective is to promote the exchange of experiences and knowledge among member states of the inter-American system. Since 1916, Pan American Congresses have been forums for dialogue, reflection, and communication, which have revealed the different levels achieved by the countries of the Americas in developing policies towards children and adolescents)</subfield>
    <subfield code="u">http://iin.oea.org/en/congreso-panamericano.html</subfield>
  </datafield>
  <datafield tag="952" ind1=" " ind2=" ">
    <subfield code="a">RETRO</subfield>
  </datafield>
  <datafield tag="953" ind1=" " ind2=" ">
    <subfield code="a">xx00</subfield>
    <subfield code="b">kb01</subfield>
  </datafield>
</record>