
<record>
  <leader>02594cz  a2200253n  4500</leader>
  <controlfield tag="001">3734629</controlfield>
  <controlfield tag="003">DLC</controlfield>
  <controlfield tag="005">20200103073219.0</controlfield>
  <controlfield tag="008">810202n| azannaabn          |a aaa      </controlfield>
  <datafield tag="010" ind1=" " ind2=" ">
    <subfield code="a">n  50080413 </subfield>
  </datafield>
  <datafield tag="035" ind1=" " ind2=" ">
    <subfield code="a">(OCoLC)oca00113990</subfield>
  </datafield>
  <datafield tag="040" ind1=" " ind2=" ">
    <subfield code="a">DLC</subfield>
    <subfield code="b">eng</subfield>
    <subfield code="e">rda</subfield>
    <subfield code="c">DLC</subfield>
    <subfield code="d">DLC</subfield>
    <subfield code="d">OU</subfield>
  </datafield>
  <datafield tag="046" ind1=" " ind2=" ">
    <subfield code="f">1904-01-23</subfield>
    <subfield code="g">1985-02-19</subfield>
    <subfield code="2">edtf</subfield>
  </datafield>
  <datafield tag="100" ind1="1" ind2=" ">
    <subfield code="a">Schlechta, Karl,</subfield>
    <subfield code="d">1904-1985</subfield>
  </datafield>
  <datafield tag="370" ind1=" " ind2=" ">
    <subfield code="a">Vienna (Austria)</subfield>
    <subfield code="b">Ober-Ramstadt (Germany)</subfield>
    <subfield code="2">naf</subfield>
  </datafield>
  <datafield tag="374" ind1=" " ind2=" ">
    <subfield code="a">Authors</subfield>
    <subfield code="a">College teachers</subfield>
    <subfield code="2">lcsh</subfield>
  </datafield>
  <datafield tag="375" ind1=" " ind2=" ">
    <subfield code="a">Males</subfield>
    <subfield code="2">lcdgt</subfield>
  </datafield>
  <datafield tag="500" ind1="1" ind2=" ">
    <subfield code="w">r</subfield>
    <subfield code="i">Alternate identity:</subfield>
    <subfield code="a">Zöchbauer, Franz,</subfield>
    <subfield code="d">1904-1985</subfield>
  </datafield>
  <datafield tag="663" ind1=" " ind2=" ">
    <subfield code="a">For works of this author written under a pseudonym, search also under</subfield>
    <subfield code="b">Zöchbauer, Franz, 1904-1985</subfield>
  </datafield>
  <datafield tag="670" ind1=" " ind2=" ">
    <subfield code="a">Förster-Nietzsche, E. Friedrich Nietzsche und die frauen Seiner zeit ... 1935.</subfield>
  </datafield>
  <datafield tag="670" ind1=" " ind2=" ">
    <subfield code="a">nuc87-86066: Friedrich Nietzsche, Paul Rée, ... 1979</subfield>
    <subfield code="b">(hdg. on CtW rept.: Schlechta, Karl; usage: Karl Schlechta)</subfield>
  </datafield>
  <datafield tag="670" ind1=" " ind2=" ">
    <subfield code="a">Wikidata via Wikipedia, January 2, 2020</subfield>
    <subfield code="b">(alias: Karl Schlechta; LCAuth identifier: n50080413; VIAF identifier: 59446023; GND identifier: 101117132; ISNI (P213): 0000000368634256, 0000000120962248; place of birth: Vienna; place of death: Ober-Ramstadt; country of citizenship: Germany, Austria; instance of: human; member of political party: Nazi Party; date of birth: +1904-01-23T00:00:00Z, +1904-00-00T00:00:00Z; date of death: +1985-02-19T00:00:00Z, +1985-00-00T00:00:00Z; employer: Goethe University Frankfurt, Technische Universität Darmstadt, Johannes Gutenberg University Mainz; occupation: author, university teacher, writer; given name: Karl; NTA identifier (Netherlands): 06958480X; work location: Mainz; languages spoken or published: German; interested in (P2650): Friedrich Nietzsche; NSK identifier: 000687970; NUKAT authorities: n97015988; NLP identifier: A29026040; NLI (Israel) identifier: 000413341; BAV (Vatican Library) identifier: ADV10203825; NKC identifier: jx20050708015; Open Library identifier: OL118857A; Goodreads author ID (P2963): 149410; Google Knowledge Graph ID (P2671): /g/12qhkfc_z; Babelio author ID (P3630): 179975; CONOR identifier: 56222563; SHARE Catalogue author ID (P3987): 132711; Angelicum author ID (P5731): 194455; SUDOC authorities: 061744476; sex or gender: male; Munzinger IBA: 00000008755; PUSC author ID (P5739): 71371; description/label: Duits auteur , German author, germana aŭtoro, österreichisch-deutscher Nietzsche-Forscher, professor académico alemão, tysk professor, údar Gearmánach, كاتب ومؤلف ألماني)</subfield>
    <subfield code="u">http://www.wikidata.org/entity/Q1732828</subfield>
  </datafield>
  <datafield tag="952" ind1=" " ind2=" ">
    <subfield code="a">RETRO</subfield>
  </datafield>
  <datafield tag="953" ind1=" " ind2=" ">
    <subfield code="a">xx00</subfield>
    <subfield code="b">ns26</subfield>
  </datafield>
</record>