
<record>
  <leader>00505cz  a2200157n  4500</leader>
  <controlfield tag="001">3735375</controlfield>
  <controlfield tag="003">DLC</controlfield>
  <controlfield tag="005">20200103073239.0</controlfield>
  <controlfield tag="008">770725n| azannaabn          |n aaa      </controlfield>
  <datafield tag="010" ind1=" " ind2=" ">
    <subfield code="a">n  77004923 </subfield>
  </datafield>
  <datafield tag="035" ind1=" " ind2=" ">
    <subfield code="a">(OCoLC)oca00121580</subfield>
  </datafield>
  <datafield tag="040" ind1=" " ind2=" ">
    <subfield code="a">DLC</subfield>
    <subfield code="b">eng</subfield>
    <subfield code="e">rda</subfield>
    <subfield code="c">DLC</subfield>
    <subfield code="d">OCoLC</subfield>
    <subfield code="d">DLC</subfield>
    <subfield code="d">NmSSL</subfield>
  </datafield>
  <datafield tag="100" ind1="1" ind2=" ">
    <subfield code="a">Fritschen, Leo</subfield>
  </datafield>
  <datafield tag="670" ind1=" " ind2=" ">
    <subfield code="a">Slash fire atmospheric ... 1970 (a.e.)</subfield>
    <subfield code="b">t.p. (Fritschen) verso of t.p. (Leo Fritschen)</subfield>
  </datafield>
  <datafield tag="670" ind1=" " ind2=" ">
    <subfield code="a">His Environmental instrumentation, 1979:</subfield>
    <subfield code="b">t.p. (Leo J. Fritschen)</subfield>
  </datafield>
  <datafield tag="953" ind1=" " ind2=" ">
    <subfield code="a">bd08</subfield>
    <subfield code="b">bd24</subfield>
  </datafield>
</record>