
<record>
  <leader>01619cz  a2200253n  4500</leader>
  <controlfield tag="001">3752066</controlfield>
  <controlfield tag="003">DLC</controlfield>
  <controlfield tag="005">20200103153329.0</controlfield>
  <controlfield tag="008">790621n| azannaabn          |a aaa      </controlfield>
  <datafield tag="010" ind1=" " ind2=" ">
    <subfield code="a">n  79059593 </subfield>
  </datafield>
  <datafield tag="035" ind1=" " ind2=" ">
    <subfield code="a">(OCoLC)oca00292630</subfield>
  </datafield>
  <datafield tag="040" ind1=" " ind2=" ">
    <subfield code="a">DLC</subfield>
    <subfield code="b">eng</subfield>
    <subfield code="e">rda</subfield>
    <subfield code="c">DLC</subfield>
    <subfield code="d">DLC</subfield>
    <subfield code="d">IArlh</subfield>
    <subfield code="d">DLC</subfield>
  </datafield>
  <datafield tag="046" ind1=" " ind2=" ">
    <subfield code="f">1933</subfield>
    <subfield code="2">edtf</subfield>
  </datafield>
  <datafield tag="100" ind1="1" ind2=" ">
    <subfield code="a">Silverstein, Alvin</subfield>
  </datafield>
  <datafield tag="374" ind1=" " ind2=" ">
    <subfield code="a">Authors</subfield>
    <subfield code="2">lcsh</subfield>
  </datafield>
  <datafield tag="375" ind1=" " ind2=" ">
    <subfield code="a">Males</subfield>
    <subfield code="2">lcdgt</subfield>
  </datafield>
  <datafield tag="377" ind1=" " ind2=" ">
    <subfield code="a">eng</subfield>
  </datafield>
  <datafield tag="500" ind1="1" ind2=" ">
    <subfield code="w">nnnc</subfield>
    <subfield code="a">Rhine, Richard</subfield>
  </datafield>
  <datafield tag="663" ind1=" " ind2=" ">
    <subfield code="a">For works of this author written in collaboration with Virginia Silverstein, search also under</subfield>
    <subfield code="b">Rhine, Richard</subfield>
  </datafield>
  <datafield tag="670" ind1=" " ind2=" ">
    <subfield code="a">His Life in the universe, 1967.</subfield>
  </datafield>
  <datafield tag="670" ind1=" " ind2=" ">
    <subfield code="a">Life in a bucket of soil, 2000:</subfield>
    <subfield code="b">CIP t.p. (Alvin Silverstein) t.p. verso (pseudonym &quot;Richard Rhine&quot; used by Alvin Silverstein and Virginia Silverstein)</subfield>
  </datafield>
  <datafield tag="670" ind1=" " ind2=" ">
    <subfield code="a">LC/NAF, Jun. 8, 2010</subfield>
    <subfield code="b">678 note ( b. 1933; Ph.D.;  assoc. prof. (Biol.) Staten Island Community College of City Univ. of N.Y.)</subfield>
  </datafield>
  <datafield tag="670" ind1=" " ind2=" ">
    <subfield code="a">Web site for silversteinbooks.com, October 22, 2013:</subfield>
    <subfield code="b">About the Silversteins (Alvin Silverstein. Alvin Silverstein grew up in Brooklyn, the youngest son of an immigrant family who emphasized hard work and education. After graduating from Brooklyn College, he went to graduate school at the University of Pennsylvania, where he got a Master&apos;s degree in chemistry and met his wife, author Virginia Silverstein. He got his Ph.D. at NYU while teaching at the College of Staten Island. He ultimately became a Professor of Biology there and also Director of the Physician Assistant program, while coauthoring books with his wife and, later, two of their children)</subfield>
  </datafield>
  <datafield tag="952" ind1=" " ind2=" ">
    <subfield code="a">RETRO</subfield>
  </datafield>
</record>