
<record>
  <leader>02492cz  a2200553n  4500</leader>
  <controlfield tag="001">3769228</controlfield>
  <controlfield tag="003">DLC</controlfield>
  <controlfield tag="005">20200103094029.0</controlfield>
  <controlfield tag="008">800812n| azannaabn          |b aaa      </controlfield>
  <datafield tag="010" ind1=" " ind2=" ">
    <subfield code="a">n  80087623 </subfield>
    <subfield code="z">no 98039272 </subfield>
  </datafield>
  <datafield tag="035" ind1=" " ind2=" ">
    <subfield code="a">(OCoLC)oca00468790</subfield>
  </datafield>
  <datafield tag="040" ind1=" " ind2=" ">
    <subfield code="a">DLC</subfield>
    <subfield code="b">eng</subfield>
    <subfield code="e">rda</subfield>
    <subfield code="c">DLC</subfield>
    <subfield code="d">DLC</subfield>
    <subfield code="d">InU</subfield>
    <subfield code="d">DLC-R</subfield>
    <subfield code="d">DLC</subfield>
    <subfield code="d">OCoLC</subfield>
    <subfield code="d">OOC</subfield>
    <subfield code="d">OCoLC</subfield>
    <subfield code="d">InU</subfield>
    <subfield code="d">WU</subfield>
    <subfield code="d">CSt</subfield>
    <subfield code="d">InU</subfield>
    <subfield code="d">CSt</subfield>
    <subfield code="d">InU</subfield>
    <subfield code="d">CSt</subfield>
    <subfield code="d">DLC</subfield>
  </datafield>
  <datafield tag="046" ind1=" " ind2=" ">
    <subfield code="f">18801128</subfield>
    <subfield code="g">19210807</subfield>
  </datafield>
  <datafield tag="053" ind1=" " ind2="0">
    <subfield code="a">PG3453.B6</subfield>
  </datafield>
  <datafield tag="100" ind1="1" ind2=" ">
    <subfield code="a">Blok, Aleksandr Aleksandrovich,</subfield>
    <subfield code="d">1880-1921</subfield>
  </datafield>
  <datafield tag="370" ind1=" " ind2=" ">
    <subfield code="a">Saint Petersburg (Russia)</subfield>
    <subfield code="b">Saint Petersburg (Russia)</subfield>
    <subfield code="2">lcsh</subfield>
  </datafield>
  <datafield tag="372" ind1=" " ind2=" ">
    <subfield code="a">Symbolism (Literary movement)</subfield>
    <subfield code="2">lcsh</subfield>
  </datafield>
  <datafield tag="374" ind1=" " ind2=" ">
    <subfield code="a">Poets, Russian</subfield>
    <subfield code="a">Dramatists, Russian</subfield>
    <subfield code="2">lcsh</subfield>
  </datafield>
  <datafield tag="400" ind1="1" ind2=" ">
    <subfield code="a">Блок, Александр Александрович,</subfield>
    <subfield code="d">1880-1921</subfield>
  </datafield>
  <datafield tag="400" ind1="1" ind2=" ">
    <subfield code="a">Bloks, Aleksandrs,</subfield>
    <subfield code="d">1880-1921</subfield>
  </datafield>
  <datafield tag="400" ind1="1" ind2=" ">
    <subfield code="a">Blok, Alexander,</subfield>
    <subfield code="d">1880-1921</subfield>
  </datafield>
  <datafield tag="400" ind1="1" ind2=" ">
    <subfield code="a">Block, Alexander,</subfield>
    <subfield code="d">1880-1921</subfield>
  </datafield>
  <datafield tag="400" ind1="1" ind2=" ">
    <subfield code="a">Блок, А.</subfield>
    <subfield code="q">(Александр),</subfield>
    <subfield code="d">1880-1921</subfield>
  </datafield>
  <datafield tag="400" ind1="1" ind2=" ">
    <subfield code="a">Blok, A.</subfield>
    <subfield code="q">(Aleksandr),</subfield>
    <subfield code="d">1880-1921</subfield>
  </datafield>
  <datafield tag="400" ind1="1" ind2=" ">
    <subfield code="a">Блок, Ал.</subfield>
    <subfield code="q">(Александр),</subfield>
    <subfield code="d">1880-1921</subfield>
  </datafield>
  <datafield tag="400" ind1="1" ind2=" ">
    <subfield code="a">Blok, Al.</subfield>
    <subfield code="q">(Aleksandr),</subfield>
    <subfield code="d">1880-1921</subfield>
  </datafield>
  <datafield tag="400" ind1="1" ind2=" ">
    <subfield code="a">Błok, Aleksander,</subfield>
    <subfield code="d">1880-1921</subfield>
  </datafield>
  <datafield tag="400" ind1="1" ind2=" ">
    <subfield code="a">Block, A.</subfield>
    <subfield code="q">(Alexander),</subfield>
    <subfield code="d">1880-1921</subfield>
  </datafield>
  <datafield tag="400" ind1="1" ind2=" ">
    <subfield code="a">Blok, Alexandr,</subfield>
    <subfield code="d">1880-1921</subfield>
  </datafield>
  <datafield tag="400" ind1="1" ind2=" ">
    <subfield code="a">בלאק, אלעקסאנדער,</subfield>
    <subfield code="d">1880־1921</subfield>
  </datafield>
  <datafield tag="400" ind1="1" ind2=" ">
    <subfield code="a">בלאק, אלעקסאנדר,</subfield>
    <subfield code="d">1880־1921</subfield>
  </datafield>
  <datafield tag="400" ind1="1" ind2=" ">
    <subfield code="a">בלוך, אלכסנדר</subfield>
  </datafield>
  <datafield tag="400" ind1="1" ind2=" ">
    <subfield code="a">בלוק, אלכסנדר</subfield>
  </datafield>
  <datafield tag="400" ind1="1" ind2=" ">
    <subfield code="a">בלוק, אלכסנדר,</subfield>
    <subfield code="d">1880־1921</subfield>
  </datafield>
  <datafield tag="400" ind1="1" ind2=" ">
    <subfield code="a">Blokas, A.</subfield>
    <subfield code="q">(Aleksandras),</subfield>
    <subfield code="d">1880-1921</subfield>
  </datafield>
  <datafield tag="667" ind1=" " ind2=" ">
    <subfield code="a">Non-Latin script references not evaluated.</subfield>
  </datafield>
  <datafield tag="670" ind1=" " ind2=" ">
    <subfield code="a">Twelve, 1920.</subfield>
  </datafield>
  <datafield tag="670" ind1=" " ind2=" ">
    <subfield code="a">Obraznoe slovo A. Bloka, 1980:</subfield>
    <subfield code="b">t.p. (A. Bloka)</subfield>
  </datafield>
  <datafield tag="670" ind1=" " ind2=" ">
    <subfield code="a">Medvedev, P.N. Dramy i poėmy Al. Bloka, 1928:</subfield>
    <subfield code="b">t.p. (Al. Bloka)</subfield>
  </datafield>
  <datafield tag="670" ind1=" " ind2=" ">
    <subfield code="a">Arkhimandritov, B.I. Na pole Kulikovom, 1987:</subfield>
    <subfield code="b">cover (stikhi A. Bloka; A. Block [in rom.])</subfield>
  </datafield>
  <datafield tag="670" ind1=" " ind2=" ">
    <subfield code="a">Dzienniki, 1901-1921, 1974:</subfield>
    <subfield code="b">t.p. (Aleksander Błok)</subfield>
  </datafield>
  <datafield tag="670" ind1=" " ind2=" ">
    <subfield code="a">ha-Shenem-ʻaśar, 1991:</subfield>
    <subfield code="b">t.p. (Aleksander Bloḳ) t.p. verso (Aleksandr Blok [in Cyrillic])</subfield>
  </datafield>
  <datafield tag="670" ind1=" " ind2=" ">
    <subfield code="a">Sviridov, G.V. Petersburg [SR] p2004:</subfield>
    <subfield code="b">label (Alexandr Blok)</subfield>
  </datafield>
  <datafield tag="670" ind1=" " ind2=" ">
    <subfield code="a">Google, January 9, 2013</subfield>
    <subfield code="b">(b. November 28, 1880; d. August 7, 1921)</subfield>
  </datafield>
  <datafield tag="670" ind1=" " ind2=" ">
    <subfield code="a">Lyrika, 1966:</subfield>
    <subfield code="b">title page (A. Blokas) colophon (Aleksandr Blok [in Cyrillic])</subfield>
  </datafield>
  <datafield tag="670" ind1=" " ind2=" ">
    <subfield code="a">Lithuanian Wikiquote, viewed October 17, 2016:</subfield>
    <subfield code="b">(Aleksandras Blokas; 1880-1921)</subfield>
  </datafield>
  <datafield tag="952" ind1=" " ind2=" ">
    <subfield code="a">RETRO</subfield>
  </datafield>
  <datafield tag="952" ind1=" " ind2=" ">
    <subfield code="a">ee10 consulted.</subfield>
  </datafield>
  <datafield tag="953" ind1=" " ind2=" ">
    <subfield code="a">xx00</subfield>
    <subfield code="b">vk01</subfield>
  </datafield>
</record>