
<record>
  <leader>00984cz  a2200241n  4500</leader>
  <controlfield tag="001">3811528</controlfield>
  <controlfield tag="003">DLC</controlfield>
  <controlfield tag="005">20200103154346.0</controlfield>
  <controlfield tag="008">840217n| azannaabn          |n aaa      </controlfield>
  <datafield tag="010" ind1=" " ind2=" ">
    <subfield code="a">n  82248793 </subfield>
  </datafield>
  <datafield tag="035" ind1=" " ind2=" ">
    <subfield code="a">(OCoLC)oca01063013</subfield>
  </datafield>
  <datafield tag="040" ind1=" " ind2=" ">
    <subfield code="a">DLC</subfield>
    <subfield code="b">eng</subfield>
    <subfield code="e">rda</subfield>
    <subfield code="c">DLC</subfield>
    <subfield code="d">DLC</subfield>
    <subfield code="d">OCoLC</subfield>
    <subfield code="d">DLC</subfield>
    <subfield code="d">NNC</subfield>
    <subfield code="d">DLC</subfield>
    <subfield code="d">WU</subfield>
    <subfield code="d">DLC</subfield>
  </datafield>
  <datafield tag="046" ind1=" " ind2=" ">
    <subfield code="f">1906-01-03</subfield>
    <subfield code="g">1987-09-28</subfield>
    <subfield code="2">edtf</subfield>
  </datafield>
  <datafield tag="053" ind1=" " ind2="0">
    <subfield code="a">PG7158.B625</subfield>
    <subfield code="b">PG7158.B6252</subfield>
  </datafield>
  <datafield tag="100" ind1="1" ind2=" ">
    <subfield code="a">Brandstaetter, Roman</subfield>
  </datafield>
  <datafield tag="374" ind1=" " ind2=" ">
    <subfield code="a">Authors</subfield>
    <subfield code="2">lcsh</subfield>
  </datafield>
  <datafield tag="375" ind1=" " ind2=" ">
    <subfield code="a">Males</subfield>
    <subfield code="2">lcdgt</subfield>
  </datafield>
  <datafield tag="377" ind1=" " ind2=" ">
    <subfield code="a">pol</subfield>
  </datafield>
  <datafield tag="670" ind1=" " ind2=" ">
    <subfield code="a">Krąg biblijny i franciszkański, 1981:</subfield>
    <subfield code="b">t.p. (Roman Brandstaetter)</subfield>
  </datafield>
  <datafield tag="670" ind1=" " ind2=" ">
    <subfield code="a">LC data base, 2-13-84</subfield>
    <subfield code="b">(hdg.: Brandstaetter, Roman)</subfield>
  </datafield>
  <datafield tag="670" ind1=" " ind2=" ">
    <subfield code="a">Niech będą błogosławione wszystkie drogi, 1998:</subfield>
    <subfield code="b">t.p. (Roman Brandstaetter) p. 155 (d. Sept. 28, 1987)</subfield>
  </datafield>
  <datafield tag="670" ind1=" " ind2=" ">
    <subfield code="a">Na skrzyżowaniu kultur, tradycji, religii, c2008:</subfield>
    <subfield code="b">t.p. (Roman Brandstaetter) p. 4 of cover (1906-1987)</subfield>
  </datafield>
  <datafield tag="670" ind1=" " ind2=" ">
    <subfield code="a">Wikipedia, Feb. 28, 2014:</subfield>
    <subfield code="b">(Roman Brandstaetter; b. Jan. 3, 1906; d. Sept. 28, 1987)</subfield>
  </datafield>
</record>