
<record>
  <leader>01420cz  a2200241n  4500</leader>
  <controlfield tag="001">3812687</controlfield>
  <controlfield tag="003">DLC</controlfield>
  <controlfield tag="005">20200103073232.0</controlfield>
  <controlfield tag="008">840228n| azannaabn          |a ana      </controlfield>
  <datafield tag="010" ind1=" " ind2=" ">
    <subfield code="a">n  82269203 </subfield>
  </datafield>
  <datafield tag="035" ind1=" " ind2=" ">
    <subfield code="a">(OCoLC)oca00895967</subfield>
  </datafield>
  <datafield tag="040" ind1=" " ind2=" ">
    <subfield code="a">DLC</subfield>
    <subfield code="b">eng</subfield>
    <subfield code="e">rda</subfield>
    <subfield code="c">DLC</subfield>
    <subfield code="d">DLC</subfield>
    <subfield code="d">DNLM</subfield>
  </datafield>
  <datafield tag="046" ind1=" " ind2=" ">
    <subfield code="s">1955</subfield>
    <subfield code="t">1974</subfield>
    <subfield code="2">edtf</subfield>
  </datafield>
  <datafield tag="110" ind1="2" ind2=" ">
    <subfield code="a">National Cystic Fibrosis Research Foundation (U.S.)</subfield>
  </datafield>
  <datafield tag="370" ind1=" " ind2=" ">
    <subfield code="c">United States</subfield>
    <subfield code="2">naf</subfield>
  </datafield>
  <datafield tag="510" ind1="2" ind2=" ">
    <subfield code="w">r</subfield>
    <subfield code="i">Successor:</subfield>
    <subfield code="a">Cystic Fibrosis Foundation</subfield>
  </datafield>
  <datafield tag="670" ind1=" " ind2=" ">
    <subfield code="a">Fluid and electrolyte abnormalities in exocrine glands in cystic fibrosis, c1982</subfield>
    <subfield code="b">(name not given)</subfield>
  </datafield>
  <datafield tag="670" ind1=" " ind2=" ">
    <subfield code="a">LC data base, 2/16/84</subfield>
    <subfield code="b">(hdg.: National Cystic Fibrosis Research Foundation; usage: National Cystic Fibrosis Research Foundation)</subfield>
  </datafield>
  <datafield tag="670" ind1=" " ind2=" ">
    <subfield code="a">Phone call to Cystic Fibrosis Found., 2/16/84</subfield>
    <subfield code="b">(earlier name: National Cystic Fibrosis Research Foundation; present name: Cystic Fibrosis Foundation)</subfield>
  </datafield>
  <datafield tag="670" ind1=" " ind2=" ">
    <subfield code="a">Cystic fibrosis, 1958:</subfield>
    <subfield code="b">t.p. (National Cystic Fibrosis Research Foundation, Philadelphia, PA)</subfield>
  </datafield>
  <datafield tag="670" ind1=" " ind2=" ">
    <subfield code="a">Wikipedia, November 15, 2019</subfield>
    <subfield code="b">(Foundation was established in 1955 by a group of volunteers in Philadelphia, Pennsylvania; known as the National Cystic Fibrosis Research Foundation before changing name to Cystic Fibrosis Foundation)</subfield>
  </datafield>
  <datafield tag="670" ind1=" " ind2=" ">
    <subfield code="a">NLM files, November 15, 2019</subfield>
    <subfield code="b">(Founded 1955 as National Cystic Fibrosis Research Foundation; name changed to Cystic Fibrosis Foundation in 1974)</subfield>
  </datafield>
  <datafield tag="953" ind1=" " ind2=" ">
    <subfield code="a">ba01</subfield>
    <subfield code="b">zz00</subfield>
  </datafield>
</record>