
<record>
  <leader>00519cz  a2200169n  4500</leader>
  <controlfield tag="001">3830764</controlfield>
  <controlfield tag="003">DLC</controlfield>
  <controlfield tag="005">20200103073432.0</controlfield>
  <controlfield tag="008">831130n| azannaabn          |a aaa     c</controlfield>
  <datafield tag="010" ind1=" " ind2=" ">
    <subfield code="a">n  83827413 </subfield>
  </datafield>
  <datafield tag="035" ind1=" " ind2=" ">
    <subfield code="a">(OCoLC)oca01056543</subfield>
  </datafield>
  <datafield tag="040" ind1=" " ind2=" ">
    <subfield code="a">ICU</subfield>
    <subfield code="b">eng</subfield>
    <subfield code="e">rda</subfield>
    <subfield code="c">ICU</subfield>
    <subfield code="d">OU</subfield>
  </datafield>
  <datafield tag="100" ind1="1" ind2=" ">
    <subfield code="a">Kortüm, Gustav,</subfield>
    <subfield code="d">1904-1990.</subfield>
    <subfield code="t">Lehrbuch der elektrochemie.</subfield>
    <subfield code="l">English</subfield>
  </datafield>
  <datafield tag="377" ind1=" " ind2=" ">
    <subfield code="a">eng</subfield>
  </datafield>
  <datafield tag="400" ind1="1" ind2=" ">
    <subfield code="a">Kortüm, Gustav,</subfield>
    <subfield code="d">1904-1990.</subfield>
    <subfield code="t">Treatise on electrochemistry</subfield>
  </datafield>
  <datafield tag="670" ind1=" " ind2=" ">
    <subfield code="a">LCCN 63-19824: His Treatise on electrochemistry, 1965.</subfield>
  </datafield>
  <datafield tag="953" ind1=" " ind2=" ">
    <subfield code="a">bz51</subfield>
  </datafield>
</record>