
<record>
  <leader>03140cz  a2200373n  4500</leader>
  <controlfield tag="001">3853260</controlfield>
  <controlfield tag="003">DLC</controlfield>
  <controlfield tag="005">20200103073209.0</controlfield>
  <controlfield tag="008">850503n| azannaabn          |b aaa     c</controlfield>
  <datafield tag="010" ind1=" " ind2=" ">
    <subfield code="a">n  85009473 </subfield>
  </datafield>
  <datafield tag="035" ind1=" " ind2=" ">
    <subfield code="a">(OCoLC)oca01320315</subfield>
  </datafield>
  <datafield tag="040" ind1=" " ind2=" ">
    <subfield code="a">IU</subfield>
    <subfield code="b">eng</subfield>
    <subfield code="e">rda</subfield>
    <subfield code="c">DLC</subfield>
    <subfield code="d">DLC</subfield>
    <subfield code="d">OCoLC</subfield>
    <subfield code="d">WU</subfield>
    <subfield code="d">InU</subfield>
    <subfield code="d">WU</subfield>
    <subfield code="d">CLU</subfield>
  </datafield>
  <datafield tag="046" ind1=" " ind2=" ">
    <subfield code="f">1766-04-27</subfield>
    <subfield code="2">edtf</subfield>
  </datafield>
  <datafield tag="046" ind1=" " ind2=" ">
    <subfield code="g">1830-08-20</subfield>
    <subfield code="2">edtf</subfield>
  </datafield>
  <datafield tag="053" ind1=" " ind2="0">
    <subfield code="a">PG3360.P6</subfield>
  </datafield>
  <datafield tag="100" ind1="1" ind2=" ">
    <subfield code="a">Pushkin, V. L.</subfield>
    <subfield code="q">(Vasiliĭ Lʹvovich),</subfield>
    <subfield code="d">1766-1830</subfield>
  </datafield>
  <datafield tag="370" ind1=" " ind2=" ">
    <subfield code="a">Moscow (Russia)</subfield>
    <subfield code="b">Moscow (Russia)</subfield>
    <subfield code="c">Russia (Federation)</subfield>
    <subfield code="c">Russia</subfield>
    <subfield code="2">naf</subfield>
  </datafield>
  <datafield tag="374" ind1=" " ind2=" ">
    <subfield code="a">Poets</subfield>
    <subfield code="2">lcsh</subfield>
  </datafield>
  <datafield tag="375" ind1=" " ind2=" ">
    <subfield code="a">Males</subfield>
    <subfield code="2">lcdgt</subfield>
  </datafield>
  <datafield tag="377" ind1=" " ind2=" ">
    <subfield code="a">rus</subfield>
  </datafield>
  <datafield tag="378" ind1=" " ind2=" ">
    <subfield code="q">Vasiliĭ Lʹvovich</subfield>
  </datafield>
  <datafield tag="400" ind1="1" ind2=" ">
    <subfield code="w">nne</subfield>
    <subfield code="a">Pushkin, V. L.</subfield>
    <subfield code="q">(Vasiliĭ Lʹvovich),</subfield>
    <subfield code="d">1770-1830</subfield>
  </datafield>
  <datafield tag="400" ind1="1" ind2=" ">
    <subfield code="a">Pushkin, Vasiliĭ Lʹvovich,</subfield>
    <subfield code="d">1766-1830</subfield>
  </datafield>
  <datafield tag="400" ind1="1" ind2=" ">
    <subfield code="a">Пушкин, В. Л.</subfield>
    <subfield code="q">(Василий Львович),</subfield>
    <subfield code="d">1766-1830</subfield>
  </datafield>
  <datafield tag="400" ind1="1" ind2=" ">
    <subfield code="a">Пушкин, Василий Львович,</subfield>
    <subfield code="d">1766-1830</subfield>
  </datafield>
  <datafield tag="667" ind1=" " ind2=" ">
    <subfield code="a">Machine-derived non-Latin script reference project.</subfield>
  </datafield>
  <datafield tag="667" ind1=" " ind2=" ">
    <subfield code="a">Non-Latin script references not evaluated.</subfield>
  </datafield>
  <datafield tag="670" ind1=" " ind2=" ">
    <subfield code="a">Opasnyĭ sosi︠e︡d, 1918:</subfield>
    <subfield code="b">t.p. (V.L. Pushkin)</subfield>
  </datafield>
  <datafield tag="670" ind1=" " ind2=" ">
    <subfield code="a">OCLC data base, 3-18-85</subfield>
    <subfield code="b">(OCLC no. 321905 hdg.: Pushkin, Vasiliĭ Lʹvovich, 1770-1830)</subfield>
  </datafield>
  <datafield tag="670" ind1=" " ind2=" ">
    <subfield code="a">Stikhi, proza, pisʹma, 1989:</subfield>
    <subfield code="b">t.p. (Vasiliĭ Pushkin) USSR CIP data (1766-1830)</subfield>
  </datafield>
  <datafield tag="670" ind1=" " ind2=" ">
    <subfield code="a">Sov. lit. ėnt︠s︡ikl., 1971:</subfield>
    <subfield code="b">v. 6, p. 106 (Pushkin, Vasiliĭ Lʹvovich, 1770-1830)</subfield>
  </datafield>
  <datafield tag="670" ind1=" " ind2=" ">
    <subfield code="a">Wikidata via Wikipedia, January 2, 2020</subfield>
    <subfield code="b">(instance of: human; date of death: +1830-08-20T00:00:00Z; date of birth: +1766-04-27T00:00:00Z; location of burial: Donskoe Cemetery; occupation: poet; place of birth: Moscow; place of death: Moscow; given name: Vasily; VIAF identifier: 72178203; BnF identifier: 13547227j; GND identifier: 117705950; LCAuth identifier: n85009473; NKC identifier: jx20130425006; Commons category: Vasily Lvovich Pushkin; topic&apos;s main category: Category:Vasily Lvovich Pushkin; Open Library identifier: OL809987A; ISNI (P213): 0000000109865033; SELIBR: 381312; SUDOC authorities: 127881662; described by source: Concise Literary Encyclopedia, Literary Encyclopedia 1929--1939, Russian Biographical Dictionary, Brockhaus and Efron Encyclopedic Dictionary, Small Brockhaus and Efron Encyclopedic Dictionary; father: Lev Aleksandrovič Puškin; Rodovid ID: 105144; country of citizenship: Russian Empire; work period (start) (P2031): +1793-00-00T00:00:00Z; movement: classicism; Great Russian Encyclopedia Online ID (P2924): 3485244; NTA identifier (Netherlands): 070426716; sex or gender: male; languages spoken or published: Russian; FAST-ID: 150835; Libris-URI (P5587): vs69jh2d2ncvfpk; CERL ID: cnp01369367; alias: Пушкин, Пушкин В., Пушкин В. Л., Пушкин Василий Львович, Василий Пушкин, ヴァシリー・プーシキン; description/label: poet rus, poeta rus, poeta ruso, poète russe, Russian poet, Russisch dichter)</subfield>
    <subfield code="u">http://www.wikidata.org/entity/Q4384716</subfield>
  </datafield>
  <datafield tag="670" ind1=" " ind2=" ">
    <subfield code="a">Progulki po Moskve s Vasiliem Lʹvovichem Pushkinym, 2016:</subfield>
    <subfield code="b">page 5 (Vasiliĭ Lʹvovich born 1766 in a Moscow manor)</subfield>
  </datafield>
  <datafield tag="953" ind1=" " ind2=" ">
    <subfield code="a">bz55</subfield>
    <subfield code="b">le14</subfield>
  </datafield>
</record>