
<record>
  <leader>00989cz  a2200217n  4500</leader>
  <controlfield tag="001">3875706</controlfield>
  <controlfield tag="003">DLC</controlfield>
  <controlfield tag="005">20200103073253.0</controlfield>
  <controlfield tag="008">860415n| azannaabn          |a aaa      </controlfield>
  <datafield tag="010" ind1=" " ind2=" ">
    <subfield code="a">n  85296863 </subfield>
  </datafield>
  <datafield tag="035" ind1=" " ind2=" ">
    <subfield code="a">(OCoLC)oca01560982</subfield>
  </datafield>
  <datafield tag="040" ind1=" " ind2=" ">
    <subfield code="a">DLC</subfield>
    <subfield code="b">eng</subfield>
    <subfield code="e">rda</subfield>
    <subfield code="c">DLC</subfield>
    <subfield code="d">DLC</subfield>
    <subfield code="d">DNLM</subfield>
  </datafield>
  <datafield tag="046" ind1=" " ind2=" ">
    <subfield code="f">1936-02-02</subfield>
    <subfield code="2">edtf</subfield>
  </datafield>
  <datafield tag="100" ind1="1" ind2=" ">
    <subfield code="a">Ponticelli, C.</subfield>
    <subfield code="q">(Claudio)</subfield>
  </datafield>
  <datafield tag="378" ind1=" " ind2=" ">
    <subfield code="q">Claudio</subfield>
  </datafield>
  <datafield tag="400" ind1="1" ind2=" ">
    <subfield code="a">Ponticelli, Claudio</subfield>
  </datafield>
  <datafield tag="670" ind1=" " ind2=" ">
    <subfield code="a">Int. Milano Meeting of Nephrology (2nd : 1985). Antiglobulins, cryoglobulins, and glomerulonephritis, 1986:</subfield>
    <subfield code="b">CIP t.p. (Claudio Ponticelli, Maggiore Hospital, Milan)</subfield>
  </datafield>
  <datafield tag="670" ind1=" " ind2=" ">
    <subfield code="a">Internat. Wkshp. on Ciclosporin in Renal Transplantation (1985 : Milan, Italy). Ciclosporin in renal transplantation, 1986:</subfield>
    <subfield code="b">CIP t.p. (C. Ponticelli)</subfield>
  </datafield>
  <datafield tag="670" ind1=" " ind2=" ">
    <subfield code="a">NLM files, 10-14-86</subfield>
    <subfield code="b">(hdg.: Ponticelli, C. (Claudio)); usage: C. Ponticelli)</subfield>
  </datafield>
  <datafield tag="670" ind1=" " ind2=" ">
    <subfield code="a">The Kidney in plasma cell dyscrasias, 1988:</subfield>
    <subfield code="b">CIP t.p. (Claudio Ponticelli; Maggiore Hosp., Milan, Italy) (b. 2/2/36)</subfield>
  </datafield>
  <datafield tag="953" ind1=" " ind2=" ">
    <subfield code="a">ba07</subfield>
    <subfield code="b">ea39</subfield>
  </datafield>
</record>