
<record>
  <leader>02041cz  a2200301n  4500</leader>
  <controlfield tag="001">3890982</controlfield>
  <controlfield tag="003">DLC</controlfield>
  <controlfield tag="005">20200103073248.0</controlfield>
  <controlfield tag="008">861219n| azannaabn          |a aaa      </controlfield>
  <datafield tag="010" ind1=" " ind2=" ">
    <subfield code="a">n  86065503 </subfield>
  </datafield>
  <datafield tag="035" ind1=" " ind2=" ">
    <subfield code="a">(OCoLC)oca01768342</subfield>
  </datafield>
  <datafield tag="040" ind1=" " ind2=" ">
    <subfield code="a">DLC</subfield>
    <subfield code="b">eng</subfield>
    <subfield code="e">rda</subfield>
    <subfield code="c">DLC</subfield>
    <subfield code="d">DLC</subfield>
    <subfield code="d">GVaS</subfield>
  </datafield>
  <datafield tag="046" ind1=" " ind2=" ">
    <subfield code="f">1959-03-28</subfield>
    <subfield code="2">edtf</subfield>
  </datafield>
  <datafield tag="100" ind1="1" ind2=" ">
    <subfield code="a">Robinson, William I.</subfield>
  </datafield>
  <datafield tag="370" ind1=" " ind2=" ">
    <subfield code="c">United States</subfield>
    <subfield code="e">Santa Barbara (Calif.)</subfield>
    <subfield code="2">naf</subfield>
  </datafield>
  <datafield tag="371" ind1=" " ind2=" ">
    <subfield code="m">wirobins@soc.ucsb.edu</subfield>
  </datafield>
  <datafield tag="372" ind1=" " ind2=" ">
    <subfield code="a">Education, Higher</subfield>
    <subfield code="a">Sociology</subfield>
    <subfield code="a">Authorship</subfield>
    <subfield code="2">lcsh</subfield>
  </datafield>
  <datafield tag="373" ind1=" " ind2=" ">
    <subfield code="a">University of California, Santa Barbara</subfield>
    <subfield code="2">naf</subfield>
  </datafield>
  <datafield tag="374" ind1=" " ind2=" ">
    <subfield code="a">College teachers</subfield>
    <subfield code="a">Sociologists</subfield>
    <subfield code="a">Authors</subfield>
    <subfield code="2">lcsh</subfield>
  </datafield>
  <datafield tag="375" ind1=" " ind2=" ">
    <subfield code="a">Males</subfield>
    <subfield code="2">lcdgt</subfield>
  </datafield>
  <datafield tag="377" ind1=" " ind2=" ">
    <subfield code="a">eng</subfield>
  </datafield>
  <datafield tag="510" ind1="2" ind2=" ">
    <subfield code="w">r</subfield>
    <subfield code="i">Employer:</subfield>
    <subfield code="a">University of California, Santa Barbara</subfield>
  </datafield>
  <datafield tag="670" ind1=" " ind2=" ">
    <subfield code="a">His David and Goliath, 1987:</subfield>
    <subfield code="b">CIP t.p. (William I. Robinson)</subfield>
  </datafield>
  <datafield tag="670" ind1=" " ind2=" ">
    <subfield code="a">A theory of global capitalism, 2004:</subfield>
    <subfield code="b">CIP t.p. (William I. Robinson) galley (b. 1959)</subfield>
  </datafield>
  <datafield tag="670" ind1=" " ind2=" ">
    <subfield code="a">Transnational conflicts, 2003:</subfield>
    <subfield code="b">t.p. (William I. Robinson) p. xi (fwd./acknowl. signed: Santa Barbara [Calif.]; acknowl. the Colleges of Arts and Science at U. of Tennessee  and New Mexico State U., the Center for Internat&apos;l Studies at New Mexico State U.; colleagues at U. of Calif., etc.)</subfield>
  </datafield>
  <datafield tag="670" ind1=" " ind2=" ">
    <subfield code="a">Critical globalization studies, 2004:</subfield>
    <subfield code="b">CIP t.p. (William I. Robinson) data view (b. Mar. 28, 1959)</subfield>
  </datafield>
  <datafield tag="670" ind1=" " ind2=" ">
    <subfield code="a">Into the tempest, 2018:</subfield>
    <subfield code="b">title page (William I. Robinson)</subfield>
  </datafield>
  <datafield tag="670" ind1=" " ind2=" ">
    <subfield code="a">University of California, Santa Barbara website, viewed December 11, 2019</subfield>
    <subfield code="b">(William I. Robinson is a professor of sociology at the University of California, Santa Barbara. He is also affiliated with the Latin American and Iberian Studies Program, and with the Global and International Studies Program at UCSB. His scholarly research focuses on: macro and comparative sociology, globalization and transnationalism, political economy, political sociology, development and social change, immigration, Latin America and the Third World, and Latina/o studies. Email: wirobins@soc.ucsb.edu)</subfield>
    <subfield code="u">http://robinson.faculty.soc.ucsb.edu/</subfield>
  </datafield>
</record>