
<record>
  <leader>01694cz  a2200313n  4500</leader>
  <controlfield tag="001">3923688</controlfield>
  <controlfield tag="003">DLC</controlfield>
  <controlfield tag="005">20200103073216.0</controlfield>
  <controlfield tag="008">870720n| azannaabn          |a aaa      </controlfield>
  <datafield tag="010" ind1=" " ind2=" ">
    <subfield code="a">n  87933313 </subfield>
  </datafield>
  <datafield tag="035" ind1=" " ind2=" ">
    <subfield code="a">(OCoLC)oca01899350</subfield>
  </datafield>
  <datafield tag="040" ind1=" " ind2=" ">
    <subfield code="a">DLC</subfield>
    <subfield code="b">eng</subfield>
    <subfield code="e">rda</subfield>
    <subfield code="c">DLC</subfield>
    <subfield code="d">DLC</subfield>
    <subfield code="d">NIC</subfield>
    <subfield code="d">Sd</subfield>
  </datafield>
  <datafield tag="046" ind1=" " ind2=" ">
    <subfield code="f">1899-05-20</subfield>
    <subfield code="g">1971-12-29</subfield>
    <subfield code="2">edtf</subfield>
  </datafield>
  <datafield tag="100" ind1="1" ind2=" ">
    <subfield code="a">Harlan, John M.</subfield>
    <subfield code="q">(John Marshall),</subfield>
    <subfield code="d">1899-1971</subfield>
  </datafield>
  <datafield tag="370" ind1=" " ind2=" ">
    <subfield code="a">Chicago (Ill.)</subfield>
    <subfield code="b">Washington (D.C.)</subfield>
    <subfield code="2">naf</subfield>
  </datafield>
  <datafield tag="372" ind1=" " ind2=" ">
    <subfield code="a">Law</subfield>
    <subfield code="2">lcsh</subfield>
  </datafield>
  <datafield tag="373" ind1=" " ind2=" ">
    <subfield code="a">Princeton University</subfield>
    <subfield code="a">Balliol College (University of Oxford)</subfield>
    <subfield code="a">New York Law School</subfield>
    <subfield code="2">naf</subfield>
  </datafield>
  <datafield tag="373" ind1=" " ind2=" ">
    <subfield code="a">United States. Court of Appeals (2nd Circuit)</subfield>
    <subfield code="2">naf</subfield>
    <subfield code="s">1954</subfield>
    <subfield code="t">1955</subfield>
  </datafield>
  <datafield tag="373" ind1=" " ind2=" ">
    <subfield code="a">United States. Supreme Court</subfield>
    <subfield code="2">naf</subfield>
    <subfield code="s">1955</subfield>
    <subfield code="t">1971</subfield>
  </datafield>
  <datafield tag="374" ind1=" " ind2=" ">
    <subfield code="a">Judges</subfield>
    <subfield code="a">Lawyers</subfield>
    <subfield code="2">lcdgt</subfield>
  </datafield>
  <datafield tag="375" ind1=" " ind2=" ">
    <subfield code="a">Males</subfield>
    <subfield code="2">lcdgt</subfield>
  </datafield>
  <datafield tag="377" ind1=" " ind2=" ">
    <subfield code="a">eng</subfield>
  </datafield>
  <datafield tag="378" ind1=" " ind2=" ">
    <subfield code="q">John Marshall</subfield>
  </datafield>
  <datafield tag="400" ind1="1" ind2=" ">
    <subfield code="a">Harlan, John Marshall,</subfield>
    <subfield code="d">1899-1971</subfield>
  </datafield>
  <datafield tag="667" ind1=" " ind2=" ">
    <subfield code="a">Old catalog heading: Harlan, John Marshall, 1899-</subfield>
  </datafield>
  <datafield tag="670" ind1=" " ind2=" ">
    <subfield code="a">United States. Supreme Court. In memoriam, Honorable John Marshall Harlan, 1972?</subfield>
    <subfield code="b">p. 5 (d. 12/29/71) p. 39 (Associate Justice of the Supreme Court from 1955 to 1971)</subfield>
  </datafield>
  <datafield tag="670" ind1=" " ind2=" ">
    <subfield code="a">LC data base, 7-16-87</subfield>
    <subfield code="b">(hdg.: Harlan, John Marshall, 1899- ; usage: John M. Harlan; Mr. Justice Harlan)</subfield>
  </datafield>
  <datafield tag="670" ind1=" " ind2=" ">
    <subfield code="a">Wikipedia, January 2, 2020</subfield>
    <subfield code="b">(John Marshall Harlan (May 20, 1899 - December 29, 1971) was an American lawyer and jurist who served as an Associate Justice of the U.S. Supreme Court from 1955 to 1971 ... born in Chicago, Illinois, died in Washington, D.C. ... education: Princeton University (A.B.); Baillol College, Oxford; and New York Law School (LL.B.) ... served on U.S. Court of Appeals for the Second Circuit from 1954 to 1955)</subfield>
  </datafield>
  <datafield tag="953" ind1=" " ind2=" ">
    <subfield code="a">zz00</subfield>
  </datafield>
</record>