
<record>
  <leader>00533cz  a2200169n  4500</leader>
  <controlfield tag="001">3942408</controlfield>
  <controlfield tag="003">DLC</controlfield>
  <controlfield tag="005">20200103073326.0</controlfield>
  <controlfield tag="008">890824n| azannaabn          |a aaa      </controlfield>
  <datafield tag="010" ind1=" " ind2=" ">
    <subfield code="a">n  88219453 </subfield>
  </datafield>
  <datafield tag="035" ind1=" " ind2=" ">
    <subfield code="a">(OCoLC)oca02586910</subfield>
  </datafield>
  <datafield tag="040" ind1=" " ind2=" ">
    <subfield code="a">DLC</subfield>
    <subfield code="b">eng</subfield>
    <subfield code="e">rda</subfield>
    <subfield code="c">DLC</subfield>
    <subfield code="d">OU</subfield>
  </datafield>
  <datafield tag="100" ind1="1" ind2=" ">
    <subfield code="a">Hiebel, Friedrich,</subfield>
    <subfield code="d">1903-1989.</subfield>
    <subfield code="t">Entscheidungszeit mit Rudolf Steiner.</subfield>
    <subfield code="l">English</subfield>
  </datafield>
  <datafield tag="377" ind1=" " ind2=" ">
    <subfield code="a">eng</subfield>
  </datafield>
  <datafield tag="400" ind1="1" ind2=" ">
    <subfield code="a">Hiebel, Friedrich,</subfield>
    <subfield code="d">1903-1989.</subfield>
    <subfield code="t">Time of decision with Rudolf Steiner</subfield>
  </datafield>
  <datafield tag="670" ind1=" " ind2=" ">
    <subfield code="a">His Time of decision with Rudolf Steiner, c1989.</subfield>
  </datafield>
  <datafield tag="953" ind1=" " ind2=" ">
    <subfield code="a">bc42</subfield>
  </datafield>
</record>