
<record>
  <leader>00652cz  a2200181n  4500</leader>
  <controlfield tag="001">3951225</controlfield>
  <controlfield tag="003">DLC</controlfield>
  <controlfield tag="005">20200103073203.0</controlfield>
  <controlfield tag="008">880412n| azannaabn          |n aaa      </controlfield>
  <datafield tag="010" ind1=" " ind2=" ">
    <subfield code="a">n  88627303 </subfield>
  </datafield>
  <datafield tag="035" ind1=" " ind2=" ">
    <subfield code="a">(OCoLC)oca02249547</subfield>
  </datafield>
  <datafield tag="040" ind1=" " ind2=" ">
    <subfield code="a">DLC</subfield>
    <subfield code="b">eng</subfield>
    <subfield code="e">rda</subfield>
    <subfield code="c">DLC</subfield>
    <subfield code="d">DLC</subfield>
    <subfield code="d">WaBeWWUM</subfield>
  </datafield>
  <datafield tag="100" ind1="1" ind2=" ">
    <subfield code="a">Hazelzet, Wilbert</subfield>
  </datafield>
  <datafield tag="370" ind1=" " ind2=" ">
    <subfield code="a">Hague (Netherlands)</subfield>
    <subfield code="2">naf</subfield>
  </datafield>
  <datafield tag="374" ind1=" " ind2=" ">
    <subfield code="a">Flutists</subfield>
    <subfield code="2">lcdgt</subfield>
  </datafield>
  <datafield tag="670" ind1=" " ind2=" ">
    <subfield code="a">Locatelli, P.A. &quot;Sonate à flauto traversiere è basso&quot; op. 2 [SR] p1986:</subfield>
    <subfield code="b">label (Wilbert Hazelzet, German flute)</subfield>
  </datafield>
  <datafield tag="670" ind1=" " ind2=" ">
    <subfield code="a">Kleinknecht, J.F.  5 sonate da camera [SR] p1997:</subfield>
    <subfield code="b">label (Wilbert Hazelzet, flute) program notes (b. The Hague)</subfield>
  </datafield>
  <datafield tag="953" ind1=" " ind2=" ">
    <subfield code="a">vk18</subfield>
    <subfield code="b">vk03</subfield>
  </datafield>
</record>