
<record>
  <leader>02399cz  a2200241n  4500</leader>
  <controlfield tag="001">3954435</controlfield>
  <controlfield tag="003">DLC</controlfield>
  <controlfield tag="005">20200103073155.0</controlfield>
  <controlfield tag="008">880919n| azannaabn          |a aaa      </controlfield>
  <datafield tag="010" ind1=" " ind2=" ">
    <subfield code="a">n  88662033 </subfield>
  </datafield>
  <datafield tag="035" ind1=" " ind2=" ">
    <subfield code="a">(OCoLC)oca02363624</subfield>
  </datafield>
  <datafield tag="040" ind1=" " ind2=" ">
    <subfield code="a">DLC</subfield>
    <subfield code="b">eng</subfield>
    <subfield code="e">rda</subfield>
    <subfield code="c">DLC</subfield>
    <subfield code="d">OU</subfield>
  </datafield>
  <datafield tag="046" ind1=" " ind2=" ">
    <subfield code="f">1902-04-24</subfield>
    <subfield code="g">1994-11-28</subfield>
    <subfield code="2">edtf</subfield>
  </datafield>
  <datafield tag="100" ind1="1" ind2=" ">
    <subfield code="a">Haack, Wolfgang,</subfield>
    <subfield code="d">1902-1994</subfield>
  </datafield>
  <datafield tag="370" ind1=" " ind2=" ">
    <subfield code="a">Gotha (Germany)</subfield>
    <subfield code="b">Berlin (Germany)</subfield>
    <subfield code="2">naf</subfield>
  </datafield>
  <datafield tag="374" ind1=" " ind2=" ">
    <subfield code="a">Mathematicians</subfield>
    <subfield code="a">Engineers</subfield>
    <subfield code="a">College teachers</subfield>
    <subfield code="2">lcsh</subfield>
  </datafield>
  <datafield tag="375" ind1=" " ind2=" ">
    <subfield code="a">Males</subfield>
    <subfield code="2">lcdgt</subfield>
  </datafield>
  <datafield tag="378" ind1=" " ind2=" ">
    <subfield code="q">Wolfgang Siegfried</subfield>
  </datafield>
  <datafield tag="400" ind1="1" ind2=" ">
    <subfield code="a">Haack, Wolfgang Siegfried,</subfield>
    <subfield code="d">1902-1994</subfield>
  </datafield>
  <datafield tag="670" ind1=" " ind2=" ">
    <subfield code="a">nuc88-2520: His Darstellende Geometrie [MI] 1958</subfield>
    <subfield code="b">(hdg. on IU rept.: Haack, Wolfgang, 1902- : usage: Wolfgang Haack)</subfield>
  </datafield>
  <datafield tag="670" ind1=" " ind2=" ">
    <subfield code="a">LC data base, 9/19/88</subfield>
    <subfield code="b">(hdg.: Haack, Wolfgang, 1902- )</subfield>
  </datafield>
  <datafield tag="670" ind1=" " ind2=" ">
    <subfield code="a">Wikidata via Wikipedia, January 2, 2020</subfield>
    <subfield code="b">(alias: Wolfgang Haack; occupation: mathematician, engineer, university teacher; VIAF identifier: 111348744; ISNI (P213): 0000000118338761; GND identifier: 116344156; place of birth: Gotha; place of death: Berlin; country of citizenship: Germany; Mathematics Genealogy Project identifier: 19570; date of birth: +1902-04-24T00:00:00Z; date of death: +1994-11-28T00:00:00Z; instance of: human; educated at: Leibniz University Hannover, University of Jena; award received: Officer&apos;s Cross of the Order of Merit of the Federal Republic of Germany; given name: Wolfgang; MacTutor id (biographies): Haack; employer: Karlsruhe Institute of Technology; academic degree: doctorate; work location: Berlin; zbMATH author ID: haack.wolfgang-siegfried; languages spoken or published: German; SHARE Catalogue author ID (P3987): 47480; LCAuth identifier: n88662033; BIBSYS identifier: 90061083; NUKAT authorities: n95302523; surname: Haack; NTA identifier (Netherlands): 07202092X; SUDOC authorities: 110034317; sex or gender: male; NKC identifier: xx0044474; described by source: Obalky knih.cz; description/label: deutscher Mathematiker, Duits wiskundige, German mathematician, matamaiticeoir Gearmánach, matemàtic alemany, matematician german, matemático alemán, matematico tedesco, matematikan gjerman, mathématicien allemand, professor académico alemão, Saksamaa matemaatik, tysk ingeniør og matematikar, tysk ingeniør og matematiker, tysk ingenjör och matematiker, מתמטיקאי גרמני)</subfield>
    <subfield code="u">http://www.wikidata.org/entity/Q91642</subfield>
  </datafield>
  <datafield tag="953" ind1=" " ind2=" ">
    <subfield code="a">ns26</subfield>
  </datafield>
</record>