
<record>
  <leader>01360cz  a2200277n  4500</leader>
  <controlfield tag="001">3956148</controlfield>
  <controlfield tag="003">DLC</controlfield>
  <controlfield tag="005">20200103073156.0</controlfield>
  <controlfield tag="008">881219n| azannaabn          |a aaa      </controlfield>
  <datafield tag="010" ind1=" " ind2=" ">
    <subfield code="a">n  88680793 </subfield>
  </datafield>
  <datafield tag="035" ind1=" " ind2=" ">
    <subfield code="a">(OCoLC)oca02425905</subfield>
  </datafield>
  <datafield tag="040" ind1=" " ind2=" ">
    <subfield code="a">DLC</subfield>
    <subfield code="b">eng</subfield>
    <subfield code="e">rda</subfield>
    <subfield code="c">DLC</subfield>
    <subfield code="d">DLC</subfield>
    <subfield code="d">Uk</subfield>
    <subfield code="d">DLC</subfield>
    <subfield code="d">CLU</subfield>
  </datafield>
  <datafield tag="100" ind1="1" ind2=" ">
    <subfield code="a">Abrahamyan, V. A.</subfield>
    <subfield code="q">(Valentina Abrahami),</subfield>
    <subfield code="d">1908-1986</subfield>
  </datafield>
  <datafield tag="375" ind1=" " ind2=" ">
    <subfield code="a">female</subfield>
    <subfield code="2">lcdgt</subfield>
  </datafield>
  <datafield tag="377" ind1=" " ind2=" ">
    <subfield code="a">arm</subfield>
  </datafield>
  <datafield tag="400" ind1="1" ind2=" ">
    <subfield code="a">Abrahamean, V. A.,</subfield>
    <subfield code="d">1908-1986</subfield>
  </datafield>
  <datafield tag="400" ind1="1" ind2=" ">
    <subfield code="a">Aprahamian, V. A.,</subfield>
    <subfield code="d">1908-1986</subfield>
  </datafield>
  <datafield tag="400" ind1="1" ind2=" ">
    <subfield code="a">Абрамян, Валентина,</subfield>
    <subfield code="d">1908-1986</subfield>
  </datafield>
  <datafield tag="400" ind1="1" ind2=" ">
    <subfield code="a">Abrami︠a︡n, Valentina,</subfield>
    <subfield code="d">1908-1986</subfield>
  </datafield>
  <datafield tag="400" ind1="1" ind2=" ">
    <subfield code="a">Abrahamyan, Valentina Abrahami,</subfield>
    <subfield code="d">1908-1986</subfield>
  </datafield>
  <datafield tag="400" ind1="1" ind2=" ">
    <subfield code="w">nne</subfield>
    <subfield code="a">Abrahamian, V. A.</subfield>
    <subfield code="q">(Valentina Abrahami)</subfield>
  </datafield>
  <datafield tag="670" ind1=" " ind2=" ">
    <subfield code="a">nuc88-137933: Haykakan oskerchʻutʻyun, 1983</subfield>
    <subfield code="b">(hdg. on NN rept.: Abrahamian, Valentina Abrahami; usage: V.A. Abrahamyaně) book t.p. verso (V.A. Abrahamyaně; V.A. Abrami︠a︡n; V.A. Abrahamian)</subfield>
  </datafield>
  <datafield tag="670" ind1=" " ind2=" ">
    <subfield code="a">nuc89-44287: I︠U︡velirnoe iskusstvo Armenii, 1983</subfield>
    <subfield code="b">(usage on WU rept.: Valentina Abrahamyan; variant: Valentina Abrami︠a︡n)</subfield>
  </datafield>
  <datafield tag="670" ind1=" " ind2=" ">
    <subfield code="a">Armenian Libraries Consortium online database, January 28, 2014:</subfield>
    <subfield code="b">authority record number 000003759 (Abrahamyan , Valentina Abrahami, 1908-)</subfield>
  </datafield>
  <datafield tag="670" ind1=" " ind2=" ">
    <subfield code="a">Armenian History Museum WWW site, January 28, 2014:</subfield>
    <subfield code="b">(Valentina Abrahamyan: 1908-1986)</subfield>
  </datafield>
  <datafield tag="953" ind1=" " ind2=" ">
    <subfield code="a">ns14</subfield>
    <subfield code="b">bc99</subfield>
  </datafield>
</record>