
<record>
  <leader>00994cz  a2200205n  4500</leader>
  <controlfield tag="001">3970840</controlfield>
  <controlfield tag="003">DLC</controlfield>
  <controlfield tag="005">20200103124411.0</controlfield>
  <controlfield tag="008">890608n| azannaabn          |a aaa      </controlfield>
  <datafield tag="010" ind1=" " ind2=" ">
    <subfield code="a">n  89633693 </subfield>
  </datafield>
  <datafield tag="035" ind1=" " ind2=" ">
    <subfield code="a">(OCoLC)oca02540633</subfield>
  </datafield>
  <datafield tag="040" ind1=" " ind2=" ">
    <subfield code="a">DLC</subfield>
    <subfield code="b">eng</subfield>
    <subfield code="e">rda</subfield>
    <subfield code="c">DLC</subfield>
    <subfield code="d">DLC</subfield>
    <subfield code="d">LNT</subfield>
    <subfield code="d">CSt</subfield>
    <subfield code="d">DLC</subfield>
  </datafield>
  <datafield tag="046" ind1=" " ind2=" ">
    <subfield code="f">1953</subfield>
  </datafield>
  <datafield tag="100" ind1="1" ind2=" ">
    <subfield code="a">Pozzi, Pablo A.</subfield>
  </datafield>
  <datafield tag="400" ind1="1" ind2=" ">
    <subfield code="a">Pozzi, P.</subfield>
    <subfield code="q">(Pablo)</subfield>
  </datafield>
  <datafield tag="670" ind1=" " ind2=" ">
    <subfield code="a">His The University of Buenos Aires, 1987:</subfield>
    <subfield code="b">t.p. (Pablo A. Pozzi) cover p. 2 (Dept. of History, University of Buenos Aires)</subfield>
  </datafield>
  <datafield tag="670" ind1=" " ind2=" ">
    <subfield code="a">Combatiendo el capital, 1994:</subfield>
    <subfield code="b">t.p. (Pablo A. Pozzi) spine (P. Pozzi)</subfield>
  </datafield>
  <datafield tag="670" ind1=" " ind2=" ">
    <subfield code="a">Oposición obrera a la dictadura, 1976-1982, 1988:</subfield>
    <subfield code="b">t.p. (Pablo Pozzi)</subfield>
  </datafield>
  <datafield tag="670" ind1=" " ind2=" ">
    <subfield code="a">OCLC, July 20, 1998</subfield>
    <subfield code="b">(hdgs.: Pozzi, Pablo A., Pozzi, Pablo A. (Pablo Alejandro), Pozzi, Pablo Alejandro; usages: Pablo A. Pozzi, Pablo Pozzi, Pablo Alejandro Pozzi)</subfield>
  </datafield>
  <datafield tag="670" ind1=" " ind2=" ">
    <subfield code="a">Historical and future global impacts of armed groups and social movements, 2020:</subfield>
    <subfield code="b">eCIP t.p. (Pablo Pozzi) data view screen (b. 1953)</subfield>
  </datafield>
</record>