
<record>
  <leader>01139cz  a2200217n  4500</leader>
  <controlfield tag="001">4034046</controlfield>
  <controlfield tag="003">DLC</controlfield>
  <controlfield tag="005">20200103073310.0</controlfield>
  <controlfield tag="008">930611n| azannaabn          |n aaa     c</controlfield>
  <datafield tag="010" ind1=" " ind2=" ">
    <subfield code="a">no 93017733 </subfield>
  </datafield>
  <datafield tag="035" ind1=" " ind2=" ">
    <subfield code="a">(OCoLC)oca03400122</subfield>
  </datafield>
  <datafield tag="040" ind1=" " ind2=" ">
    <subfield code="a">InU-Mu</subfield>
    <subfield code="b">eng</subfield>
    <subfield code="e">rda</subfield>
    <subfield code="c">InU-Mu</subfield>
    <subfield code="d">DLC</subfield>
    <subfield code="d">UPB-Mu</subfield>
  </datafield>
  <datafield tag="046" ind1=" " ind2=" ">
    <subfield code="f">1924</subfield>
    <subfield code="g">2008-03-29</subfield>
    <subfield code="2">edtf</subfield>
  </datafield>
  <datafield tag="100" ind1="1" ind2=" ">
    <subfield code="a">Hruby, Dolores</subfield>
  </datafield>
  <datafield tag="374" ind1=" " ind2=" ">
    <subfield code="a">Composers</subfield>
    <subfield code="a">Pianists</subfield>
    <subfield code="2">lcdgt</subfield>
  </datafield>
  <datafield tag="375" ind1=" " ind2=" ">
    <subfield code="a">Females</subfield>
    <subfield code="2">lcdgt</subfield>
  </datafield>
  <datafield tag="670" ind1=" " ind2=" ">
    <subfield code="a">Her Go now to love and serve the Lord, c1985:</subfield>
    <subfield code="b">t.p. (Dolores Hruby)</subfield>
  </datafield>
  <datafield tag="670" ind1=" " ind2=" ">
    <subfield code="a">Her For the least of My brothers, c1976:</subfield>
    <subfield code="b">caption (Dolores M. Hruby)</subfield>
  </datafield>
  <datafield tag="670" ind1=" " ind2=" ">
    <subfield code="a">lifestorynet, via www, 2 January 2020</subfield>
    <subfield code="b">(Dolores Marie Smith Hruby, 84, died March 29, 2008, after a 16-year bout with cancer. A child prodigy on piano, Dolores grew up always knowing that music would be the driving force of her life. She was a lifelong student of piano technique, widely recognized as an expert clinician as well as a composer of music for her church choirs and her piano students. Countless choral and piano compositions of hers have been published and performed across the nation)</subfield>
  </datafield>
  <datafield tag="953" ind1=" " ind2=" ">
    <subfield code="a">xx00</subfield>
  </datafield>
  <datafield tag="985" ind1=" " ind2=" ">
    <subfield code="c">OCLC</subfield>
    <subfield code="e">LSPC</subfield>
  </datafield>
</record>