
<record>
  <leader>00940cz  a2200217n  4500</leader>
  <controlfield tag="001">4089503</controlfield>
  <controlfield tag="003">DLC</controlfield>
  <controlfield tag="005">20200103073312.0</controlfield>
  <controlfield tag="008">951113n| azannaabn          |a ana      </controlfield>
  <datafield tag="010" ind1=" " ind2=" ">
    <subfield code="a">n  95111443 </subfield>
  </datafield>
  <datafield tag="035" ind1=" " ind2=" ">
    <subfield code="a">(OCoLC)oca03958075</subfield>
  </datafield>
  <datafield tag="040" ind1=" " ind2=" ">
    <subfield code="a">DLC</subfield>
    <subfield code="b">eng</subfield>
    <subfield code="e">rda</subfield>
    <subfield code="c">DLC</subfield>
    <subfield code="d">UPB</subfield>
  </datafield>
  <datafield tag="046" ind1=" " ind2=" ">
    <subfield code="s">1893</subfield>
    <subfield code="2">edtf</subfield>
  </datafield>
  <datafield tag="110" ind1="2" ind2=" ">
    <subfield code="a">Verlagsgesellschaft Madsack</subfield>
  </datafield>
  <datafield tag="368" ind1=" " ind2=" ">
    <subfield code="a">Corporations</subfield>
    <subfield code="2">lcsh</subfield>
  </datafield>
  <datafield tag="370" ind1=" " ind2=" ">
    <subfield code="e">Hannover (Germany)</subfield>
    <subfield code="2">naf</subfield>
  </datafield>
  <datafield tag="372" ind1=" " ind2=" ">
    <subfield code="a">Newspaper publishing</subfield>
    <subfield code="a">Publishers and publishing</subfield>
    <subfield code="2">lcsh</subfield>
  </datafield>
  <datafield tag="410" ind1="2" ind2=" ">
    <subfield code="a">Madsack Mediengruppe</subfield>
  </datafield>
  <datafield tag="670" ind1=" " ind2=" ">
    <subfield code="a">Zeuge einer stürmischen Zeit, c1993:</subfield>
    <subfield code="b">t.p. (Verlagsgesellschaft Madsack)</subfield>
  </datafield>
  <datafield tag="670" ind1=" " ind2=" ">
    <subfield code="a">Wikipedia, German, December 19, 2019</subfield>
    <subfield code="b">(Verlagsgesellschaft Madsack GmbH &amp; Co. KG; also known as Madsack Mediengruppe; German Media corporate group; founded in 1893 by August Madsack; headquarter in Hannover, Germany; presently the 4th biggest publishing house in Germany; core business is newspaper publishing)</subfield>
  </datafield>
  <datafield tag="953" ind1=" " ind2=" ">
    <subfield code="a">ld03</subfield>
  </datafield>
</record>