
<record>
  <leader>01371cz  a2200301n  4500</leader>
  <controlfield tag="001">4120608</controlfield>
  <controlfield tag="003">DLC</controlfield>
  <controlfield tag="005">20200103073308.0</controlfield>
  <controlfield tag="008">970304n| azannaabn          |b aaa      </controlfield>
  <datafield tag="010" ind1=" " ind2=" ">
    <subfield code="a">n  97022483 </subfield>
  </datafield>
  <datafield tag="035" ind1=" " ind2=" ">
    <subfield code="a">(OCoLC)oca04285452</subfield>
  </datafield>
  <datafield tag="040" ind1=" " ind2=" ">
    <subfield code="a">DLC</subfield>
    <subfield code="b">eng</subfield>
    <subfield code="e">rda</subfield>
    <subfield code="c">DLC</subfield>
    <subfield code="d">CU-SB</subfield>
    <subfield code="d">CSt</subfield>
    <subfield code="d">InU</subfield>
  </datafield>
  <datafield tag="046" ind1=" " ind2=" ">
    <subfield code="f">1954</subfield>
    <subfield code="2">edtf</subfield>
  </datafield>
  <datafield tag="100" ind1="1" ind2=" ">
    <subfield code="a">Alekseev, M.</subfield>
    <subfield code="q">(Mikhail)</subfield>
  </datafield>
  <datafield tag="375" ind1=" " ind2=" ">
    <subfield code="a">Males</subfield>
    <subfield code="2">lcdgt</subfield>
  </datafield>
  <datafield tag="377" ind1=" " ind2=" ">
    <subfield code="a">rus</subfield>
  </datafield>
  <datafield tag="378" ind1=" " ind2=" ">
    <subfield code="q">Mikhail Alekseevich</subfield>
  </datafield>
  <datafield tag="400" ind1="1" ind2=" ">
    <subfield code="a">Алексеев, М.</subfield>
    <subfield code="q">(Михаил)</subfield>
  </datafield>
  <datafield tag="400" ind1="1" ind2=" ">
    <subfield code="a">Alekseev, Mikhail</subfield>
  </datafield>
  <datafield tag="400" ind1="1" ind2=" ">
    <subfield code="a">Алексеев, Михаил</subfield>
  </datafield>
  <datafield tag="400" ind1="1" ind2=" ">
    <subfield code="a">Alekseev, M. A.</subfield>
    <subfield code="q">(Mikhail Alekseevich)</subfield>
  </datafield>
  <datafield tag="400" ind1="1" ind2=" ">
    <subfield code="a">Алексеев, М. А.</subfield>
    <subfield code="q">(Михаил Алексеевич)</subfield>
  </datafield>
  <datafield tag="667" ind1=" " ind2=" ">
    <subfield code="a">Non-Latin script references not evaluated.</subfield>
  </datafield>
  <datafield tag="670" ind1=" " ind2=" ">
    <subfield code="a">Leksika russkoĭ razvedki, 1996:</subfield>
    <subfield code="b">t.p. (M. Alekseev) t.p. verso (Alekseev Mikhail)</subfield>
  </datafield>
  <datafield tag="670" ind1=" " ind2=" ">
    <subfield code="a">&quot;Vash Ramzaĭ&quot; : Rikhard Zorge i sovetskai︠a︡ voennai︠a︡ razvedka v Kitae, 1930-1933 gg.:</subfield>
    <subfield code="b">t.p. (М. Алексеев = M. Alekseev) colophon (Михаил Алексеев = Mikhail Alekseev)</subfield>
  </datafield>
  <datafield tag="670" ind1=" " ind2=" ">
    <subfield code="a">Sovetskai︠a︡ voennai︠a︡ razvedka 1917-1934 gg., 2019:</subfield>
    <subfield code="b">title page (M.A. Alekseev) colophon (Alekseev Mikhail Alekseevich)</subfield>
  </datafield>
  <datafield tag="670" ind1=" " ind2=" ">
    <subfield code="a">Rossiĭskai︠a︡ gosudarstvennai︠a︡ biblioteka database, January 2, 2020</subfield>
    <subfield code="b">(heading: Alekseev, Mikhail Alekseevich (1954-))</subfield>
  </datafield>
  <datafield tag="953" ind1=" " ind2=" ">
    <subfield code="a">sd43</subfield>
  </datafield>
</record>