
<record>
  <leader>00529cz  a2200169n  4500</leader>
  <controlfield tag="001">4205627</controlfield>
  <controlfield tag="003">DLC</controlfield>
  <controlfield tag="005">20200103110841.0</controlfield>
  <controlfield tag="008">780629n| azannaabn           n aaa      </controlfield>
  <datafield tag="010" ind1=" " ind2=" ">
    <subfield code="a">n  78036882 </subfield>
  </datafield>
  <datafield tag="035" ind1=" " ind2=" ">
    <subfield code="a">(OCoLC)oca00173033</subfield>
  </datafield>
  <datafield tag="040" ind1=" " ind2=" ">
    <subfield code="a">DLC</subfield>
    <subfield code="b">eng</subfield>
    <subfield code="e">rda</subfield>
    <subfield code="c">DLC</subfield>
    <subfield code="d">OCoLC</subfield>
    <subfield code="d">DLC</subfield>
  </datafield>
  <datafield tag="046" ind1=" " ind2=" ">
    <subfield code="f">1946</subfield>
    <subfield code="2">edtf</subfield>
  </datafield>
  <datafield tag="100" ind1="1" ind2=" ">
    <subfield code="a">Shepherd, Margaret</subfield>
  </datafield>
  <datafield tag="670" ind1=" " ind2=" ">
    <subfield code="a">Her Learning calligraphy, 1978, c1977:</subfield>
    <subfield code="b">t.p. (Margaret Shepherd)</subfield>
  </datafield>
  <datafield tag="670" ind1=" " ind2=" ">
    <subfield code="a">Song of songs, 2020:</subfield>
    <subfield code="b">ECIP t.p. (Margaret Shepherd) contributor view (birth year: 1946)</subfield>
  </datafield>
  <datafield tag="953" ind1=" " ind2=" ">
    <subfield code="a">ba04</subfield>
    <subfield code="b">be20</subfield>
  </datafield>
</record>