
<record>
  <leader>01775cz  a2200349n  4500</leader>
  <controlfield tag="001">4234947</controlfield>
  <controlfield tag="003">DLC</controlfield>
  <controlfield tag="005">20200103073228.0</controlfield>
  <controlfield tag="008">800825n| azannaabn          |b aaa      </controlfield>
  <datafield tag="010" ind1=" " ind2=" ">
    <subfield code="a">n  80098032 </subfield>
  </datafield>
  <datafield tag="035" ind1=" " ind2=" ">
    <subfield code="a">(OCoLC)oca00479016</subfield>
  </datafield>
  <datafield tag="040" ind1=" " ind2=" ">
    <subfield code="a">DLC</subfield>
    <subfield code="b">eng</subfield>
    <subfield code="e">rda</subfield>
    <subfield code="c">DLC</subfield>
    <subfield code="d">ICU</subfield>
    <subfield code="d">OU</subfield>
  </datafield>
  <datafield tag="046" ind1=" " ind2=" ">
    <subfield code="f">1901-05-10</subfield>
    <subfield code="g">1987-08-25</subfield>
    <subfield code="2">edtf</subfield>
  </datafield>
  <datafield tag="100" ind1="1" ind2=" ">
    <subfield code="a">Höfler, Otto,</subfield>
    <subfield code="d">1901-1987</subfield>
  </datafield>
  <datafield tag="370" ind1=" " ind2=" ">
    <subfield code="a">Vienna (Austria)</subfield>
    <subfield code="b">Vienna (Austria)</subfield>
    <subfield code="2">naf</subfield>
  </datafield>
  <datafield tag="372" ind1=" " ind2=" ">
    <subfield code="a">Germanic peoples--Religion</subfield>
    <subfield code="2">lcsh</subfield>
  </datafield>
  <datafield tag="373" ind1=" " ind2=" ">
    <subfield code="a">Universität Kiel</subfield>
    <subfield code="2">naf</subfield>
    <subfield code="s">1935</subfield>
    <subfield code="t">1938</subfield>
  </datafield>
  <datafield tag="373" ind1=" " ind2=" ">
    <subfield code="a">Universität München</subfield>
    <subfield code="2">naf</subfield>
    <subfield code="s">1938</subfield>
    <subfield code="t">1945</subfield>
  </datafield>
  <datafield tag="373" ind1=" " ind2=" ">
    <subfield code="a">Universität Wien</subfield>
    <subfield code="2">naf</subfield>
    <subfield code="s">1957</subfield>
    <subfield code="t">1971</subfield>
  </datafield>
  <datafield tag="373" ind1=" " ind2=" ">
    <subfield code="a">Ahnenerbe (Institute)</subfield>
    <subfield code="2">naf</subfield>
  </datafield>
  <datafield tag="374" ind1=" " ind2=" ">
    <subfield code="a">Germanists</subfield>
    <subfield code="a">Medievalists</subfield>
    <subfield code="a">College teachers</subfield>
    <subfield code="2">lcsh</subfield>
  </datafield>
  <datafield tag="375" ind1=" " ind2=" ">
    <subfield code="a">Males</subfield>
    <subfield code="2">lcdgt</subfield>
  </datafield>
  <datafield tag="377" ind1=" " ind2=" ">
    <subfield code="a">ger</subfield>
  </datafield>
  <datafield tag="378" ind1=" " ind2=" ">
    <subfield code="q">Otto Eduard Gotfried Ernst</subfield>
  </datafield>
  <datafield tag="400" ind1="1" ind2=" ">
    <subfield code="a">Höfler, Otto Eduard Gotfried Ernst,</subfield>
    <subfield code="d">1901-1987</subfield>
  </datafield>
  <datafield tag="400" ind1="1" ind2=" ">
    <subfield code="a">Khëfler, Otto,</subfield>
    <subfield code="d">1901-1987</subfield>
  </datafield>
  <datafield tag="400" ind1="1" ind2=" ">
    <subfield code="a">Хёфлер, Отто,</subfield>
    <subfield code="d">1901-1987</subfield>
  </datafield>
  <datafield tag="667" ind1=" " ind2=" ">
    <subfield code="a">Non-Latin script reference not evaluated.</subfield>
  </datafield>
  <datafield tag="670" ind1=" " ind2=" ">
    <subfield code="a">His Kultische geheimbünde der Germanen ... 1934.</subfield>
  </datafield>
  <datafield tag="670" ind1=" " ind2=" ">
    <subfield code="a">Wikipedia, July 18, 2019:</subfield>
    <subfield code="b">German Otto Höfler page (Otto Eduard Gotfried Ernst Höfler; born 10 May 1901 in Vienna; died 25 August 1987 in Vienna; Austrian Germanist and Scandinavist; specialist in old Germanic religious history; had strong sympathies for National Socialism in the late 1930s and during World War II; professor at the Universität Kiel, 1935-1938; Universität München, 1938-1945; and Universität Wien, 1957-1971) Russian Khëfler, Otto page (Отто Хёфлер [= Otto Khëfler]; German adn Austrian historian-medievalist; worked for Ahnenerbe)</subfield>
    <subfield code="u">https://de.wikipedia.org/wiki/Otto_H%C3%B6fler</subfield>
  </datafield>
  <datafield tag="952" ind1=" " ind2=" ">
    <subfield code="a">RETRO</subfield>
  </datafield>
  <datafield tag="953" ind1=" " ind2=" ">
    <subfield code="a">xx00</subfield>
  </datafield>
</record>