
<record>
  <leader>01605cz  a2200253n  4500</leader>
  <controlfield tag="001">4265128</controlfield>
  <controlfield tag="003">DLC</controlfield>
  <controlfield tag="005">20200103073231.0</controlfield>
  <controlfield tag="008">820915n| azannaabn          |a aaa      </controlfield>
  <datafield tag="010" ind1=" " ind2=" ">
    <subfield code="a">n  82091852 </subfield>
  </datafield>
  <datafield tag="035" ind1=" " ind2=" ">
    <subfield code="a">(OCoLC)oca00788488</subfield>
  </datafield>
  <datafield tag="040" ind1=" " ind2=" ">
    <subfield code="a">DLC</subfield>
    <subfield code="b">eng</subfield>
    <subfield code="e">rda</subfield>
    <subfield code="c">DLC</subfield>
    <subfield code="d">DLC</subfield>
    <subfield code="d">HU</subfield>
    <subfield code="d">DGW-L</subfield>
  </datafield>
  <datafield tag="046" ind1=" " ind2=" ">
    <subfield code="f">1943</subfield>
    <subfield code="2">edtf</subfield>
  </datafield>
  <datafield tag="100" ind1="1" ind2=" ">
    <subfield code="a">Ramcharan, B. G.</subfield>
  </datafield>
  <datafield tag="372" ind1=" " ind2=" ">
    <subfield code="a">Human rights</subfield>
    <subfield code="a">International law</subfield>
    <subfield code="2">lcsh</subfield>
  </datafield>
  <datafield tag="373" ind1=" " ind2=" ">
    <subfield code="a">United Nations. Office of the High Commissioner for Human Rights</subfield>
    <subfield code="2">naf</subfield>
  </datafield>
  <datafield tag="373" ind1=" " ind2=" ">
    <subfield code="a">International Commission of Jurists (1952- )</subfield>
    <subfield code="2">naf</subfield>
  </datafield>
  <datafield tag="373" ind1=" " ind2=" ">
    <subfield code="a">Permanent Court of Arbitration</subfield>
    <subfield code="2">naf</subfield>
  </datafield>
  <datafield tag="400" ind1="1" ind2=" ">
    <subfield code="a">Ramcharan, Bertrand G.</subfield>
  </datafield>
  <datafield tag="670" ind1=" " ind2=" ">
    <subfield code="a">The International Law Commission ... 1977.</subfield>
  </datafield>
  <datafield tag="670" ind1=" " ind2=" ">
    <subfield code="a">Human rights and human security, 2002:</subfield>
    <subfield code="b">CIP title page (Bertrand G. Ramcharan, fellow of the London School of Economics and Political Science)</subfield>
  </datafield>
  <datafield tag="670" ind1=" " ind2=" ">
    <subfield code="a">United Nations protection of humanity and its habitat, 2016:</subfield>
    <subfield code="b">ECIP data view (Bertrand G. Ramcharan is President of UPR Info. Previously, he was: Chancellor of the University of Guyana; Professor of Human Rights at the Geneva Graduate Institute of International and Development Studies; Deputy, then Acting UN High Commissioner for Human Rights; Commissioner of the International Commission of Jurists; Member of the Permanent Court of Arbitration; Special Adviser of the UN Secretary-General on the peace process in Georgia; Fellow of the LSE; UN Fellow at the Kennedy School of Government, Harvard University)</subfield>
  </datafield>
  <datafield tag="670" ind1=" " ind2=" ">
    <subfield code="a">Deutsche Nationalbibliothek via the VIAF, January 2, 2020</subfield>
    <subfield code="b">(access point: Ramcharan, Bertrand G., 1943-)</subfield>
  </datafield>
  <datafield tag="952" ind1=" " ind2=" ">
    <subfield code="a">RETRO</subfield>
  </datafield>
</record>