
<record>
  <leader>02490cz  a2200361n  4500</leader>
  <controlfield tag="001">4288795</controlfield>
  <controlfield tag="003">DLC</controlfield>
  <controlfield tag="005">20200103163348.0</controlfield>
  <controlfield tag="008">831108n| azannaabn          |a aaa      </controlfield>
  <datafield tag="010" ind1=" " ind2=" ">
    <subfield code="a">n  83188252 </subfield>
  </datafield>
  <datafield tag="035" ind1=" " ind2=" ">
    <subfield code="a">(OCoLC)oca01004236</subfield>
  </datafield>
  <datafield tag="035" ind1=" " ind2=" ">
    <subfield code="a">(CaEvSKY)skya2095561</subfield>
  </datafield>
  <datafield tag="040" ind1=" " ind2=" ">
    <subfield code="a">DLC</subfield>
    <subfield code="b">eng</subfield>
    <subfield code="e">rda</subfield>
    <subfield code="c">DLC</subfield>
    <subfield code="d">DLC</subfield>
    <subfield code="d">OCoLC</subfield>
    <subfield code="d">DLC</subfield>
    <subfield code="d">OCoLC</subfield>
    <subfield code="d">DLC</subfield>
    <subfield code="d">MX-CmFLC</subfield>
    <subfield code="d">DLC</subfield>
  </datafield>
  <datafield tag="046" ind1=" " ind2=" ">
    <subfield code="f">1937</subfield>
    <subfield code="g">1984</subfield>
    <subfield code="2">edtf</subfield>
  </datafield>
  <datafield tag="100" ind1="1" ind2=" ">
    <subfield code="a">Zavaleta Mercado, René</subfield>
  </datafield>
  <datafield tag="370" ind1=" " ind2=" ">
    <subfield code="a">Oruro (Bolivia)</subfield>
    <subfield code="b">Mexico City (Mexico)</subfield>
    <subfield code="2">naf</subfield>
  </datafield>
  <datafield tag="370" ind1=" " ind2=" ">
    <subfield code="f">Toronto (Ont.)</subfield>
    <subfield code="2">naf</subfield>
  </datafield>
  <datafield tag="370" ind1=" " ind2=" ">
    <subfield code="f">Paris (France)</subfield>
    <subfield code="2">naf</subfield>
  </datafield>
  <datafield tag="370" ind1=" " ind2=" ">
    <subfield code="f">La Paz (Bolivia)</subfield>
    <subfield code="2">naf</subfield>
  </datafield>
  <datafield tag="370" ind1=" " ind2=" ">
    <subfield code="f">Oxford (England)</subfield>
    <subfield code="2">naf</subfield>
  </datafield>
  <datafield tag="372" ind1=" " ind2=" ">
    <subfield code="a">Diplomacy</subfield>
    <subfield code="a">Journalism</subfield>
    <subfield code="a">Political science</subfield>
    <subfield code="a">Sociology</subfield>
    <subfield code="a">Social sciences</subfield>
    <subfield code="2">lcsh</subfield>
  </datafield>
  <datafield tag="373" ind1=" " ind2=" ">
    <subfield code="a">Universidad Mayor de San Andrés</subfield>
    <subfield code="a">Partido Comunista de Bolivia</subfield>
    <subfield code="a">University of Oxford</subfield>
    <subfield code="a">Université de Paris VIII: Vincennes</subfield>
    <subfield code="a">University of Toronto</subfield>
    <subfield code="a">Universidad Nacional Autónoma de México</subfield>
    <subfield code="a">Universidad Autónoma Metropolitana</subfield>
    <subfield code="a">FLACSO (Organization). Sede Académica de México</subfield>
    <subfield code="2">naf</subfield>
  </datafield>
  <datafield tag="373" ind1=" " ind2=" ">
    <subfield code="a">Bolivia. Ministerio de Minas y Petróleo</subfield>
    <subfield code="2">naf</subfield>
  </datafield>
  <datafield tag="374" ind1=" " ind2=" ">
    <subfield code="a">Lawyer</subfield>
    <subfield code="a">Journalist</subfield>
    <subfield code="a">Congressman</subfield>
    <subfield code="a">Diplomat</subfield>
    <subfield code="a">Government executive</subfield>
  </datafield>
  <datafield tag="375" ind1=" " ind2=" ">
    <subfield code="a">Males</subfield>
    <subfield code="2">lcdgt</subfield>
  </datafield>
  <datafield tag="377" ind1=" " ind2=" ">
    <subfield code="a">spa</subfield>
  </datafield>
  <datafield tag="400" ind1="1" ind2=" ">
    <subfield code="a">Mercado, René Zavaleta</subfield>
  </datafield>
  <datafield tag="400" ind1="1" ind2=" ">
    <subfield code="a">Zavaleta, René</subfield>
  </datafield>
  <datafield tag="670" ind1=" " ind2=" ">
    <subfield code="a">His Elementos para el análisis del estado en América Latina, 1982?:</subfield>
    <subfield code="b">t.p. (René Zavaleta Mercado)</subfield>
  </datafield>
  <datafield tag="670" ind1=" " ind2=" ">
    <subfield code="a">LC data base, 10/31/83</subfield>
    <subfield code="b">(hdg.: Zavaleta Mercado, René)</subfield>
  </datafield>
  <datafield tag="670" ind1=" " ind2=" ">
    <subfield code="a">Escritos sociológicos y políticos, 1986:</subfield>
    <subfield code="b">t.p. (René Zavaleta Mercado) p. 7 (1937-1984)</subfield>
  </datafield>
  <datafield tag="670" ind1=" " ind2=" ">
    <subfield code="a">50 años de historia, 1998:</subfield>
    <subfield code="b">t.p. (René Zavaleta Mercado) cover (René Zavaleta)</subfield>
  </datafield>
  <datafield tag="670" ind1=" " ind2=" ">
    <subfield code="a">Lo nacional-popular en Bolivia, 2008:</subfield>
    <subfield code="b">title page (René Zavaleta Mercado ) back flap (René Zavaleta Mercado; born 1937 in Oruro, Bolivia; after studying law at the Universidad Mayor de San Andrés, he became a journalist, diplomat, and politician as a congressman from Oruro, the Ministerio de Mina y Petróleo during the fourth government of MNR (1964); marxist; member of the Partido Comunista de Bolivia; professor of sociology and political science who was affiliated with Oxford University, the Universidad Nacional Autónoma de México (UNAM), the Universidad Autónoma Metropolitana (UAM), the Université de Paris VIII: Vincennes, the University of Toronto, and the Facultad Latinoamericana de Ciencias Sociales (FLACSO) in México as the first director; died in Mexico City in 1984)</subfield>
  </datafield>
</record>