
<record>
  <leader>02739cz  a2200253n  4500</leader>
  <controlfield tag="001">4298402</controlfield>
  <controlfield tag="003">DLC</controlfield>
  <controlfield tag="005">20200103073301.0</controlfield>
  <controlfield tag="008">840802n| azannaabn          |a aaa      </controlfield>
  <datafield tag="010" ind1=" " ind2=" ">
    <subfield code="a">n  84035522 </subfield>
  </datafield>
  <datafield tag="035" ind1=" " ind2=" ">
    <subfield code="a">(OCoLC)oca01177304</subfield>
  </datafield>
  <datafield tag="040" ind1=" " ind2=" ">
    <subfield code="a">DLC</subfield>
    <subfield code="b">eng</subfield>
    <subfield code="e">rda</subfield>
    <subfield code="c">DLC</subfield>
    <subfield code="d">OU</subfield>
  </datafield>
  <datafield tag="046" ind1=" " ind2=" ">
    <subfield code="f">1905-08-27</subfield>
    <subfield code="g">1998-09-13</subfield>
    <subfield code="2">edtf</subfield>
  </datafield>
  <datafield tag="100" ind1="1" ind2=" ">
    <subfield code="a">Bader, Karl S.</subfield>
    <subfield code="q">(Karl Siegfried),</subfield>
    <subfield code="d">1905-1998</subfield>
  </datafield>
  <datafield tag="370" ind1=" " ind2=" ">
    <subfield code="a">Titisee-Neustadt (Germany)</subfield>
    <subfield code="b">Zurich (Switzerland)</subfield>
    <subfield code="c">Germany</subfield>
    <subfield code="2">naf</subfield>
  </datafield>
  <datafield tag="374" ind1=" " ind2=" ">
    <subfield code="a">Lawyers</subfield>
    <subfield code="a">Historians</subfield>
    <subfield code="a">Archivists</subfield>
    <subfield code="a">College teachers</subfield>
    <subfield code="2">lcsh</subfield>
  </datafield>
  <datafield tag="375" ind1=" " ind2=" ">
    <subfield code="a">Males</subfield>
    <subfield code="2">lcdgt</subfield>
  </datafield>
  <datafield tag="378" ind1=" " ind2=" ">
    <subfield code="q">Karl Siegfried</subfield>
  </datafield>
  <datafield tag="400" ind1="1" ind2=" ">
    <subfield code="w">nnaa</subfield>
    <subfield code="a">Bader, Karl Siegfried,</subfield>
    <subfield code="d">1905-</subfield>
  </datafield>
  <datafield tag="400" ind1="1" ind2=" ">
    <subfield code="a">Bader, Karl Siegfried,</subfield>
    <subfield code="d">1905-1998</subfield>
  </datafield>
  <datafield tag="670" ind1=" " ind2=" ">
    <subfield code="a">His Ausgewählte Schriften zur Rechts- und Landesgeschichte, 1984- :</subfield>
    <subfield code="b">v. 1, v. 3, t.p. (Karl S. Bader)</subfield>
  </datafield>
  <datafield tag="670" ind1=" " ind2=" ">
    <subfield code="a">LC data base, 7-25-84</subfield>
    <subfield code="b">(hdg.: Bader, Karl Siegfried, 1905- ; usage: Karl S. Bader)</subfield>
  </datafield>
  <datafield tag="670" ind1=" " ind2=" ">
    <subfield code="a">Wikidata via Wikipedia, January 2, 2020</subfield>
    <subfield code="b">(alias: Karl S. Bader, Karl Siegfried Bader; LCAuth identifier: n84035522; VIAF identifier: 7419944; GND identifier: 118505726; ISNI (P213): 0000000108548941; place of birth: Titisee-Neustadt; place of death: Zürich; instance of: human; award received: Officer&apos;s Cross of the Order of Merit of the Federal Republic of Germany, Order of Merit of Baden-Württemberg, docteur honoris causa de l&apos;université Louis-et-Maximilien de Munich; date of birth: +1905-08-27T00:00:00Z; date of death: +1998-09-13T00:00:00Z; occupation: legal historian, regional historian, archivist, lawyer, university teacher; employer: Johannes Gutenberg University Mainz, University of Zurich; given name: Karl, Siegfried; NTA identifier (Netherlands): 068810814; country of citizenship: Germany; work location: Mainz; academic degree: doctorate; Heidelberg Academy for Sciences and Humanities member ID (P2273): 664; member of: Heidelberg Academy for Sciences and Humanities; NDL identifier: 00519726; SELIBR: 176526; BIBSYS identifier: 90374078; BAV (Vatican Library) identifier: ADV10060040; NUKAT authorities: n2004082215; PM20 folder ID (P4293): pe/000852; SHARE Catalogue author ID (P3987): 137706; languages spoken or published: German; Libris-URI (P5587): nl022qb60b9m9b8; Munzinger IBA: 00000003850; SUDOC authorities: 029407338; BnF identifier: 12104172q; sex or gender: male; NKC identifier: zcu2013783468; BDEL ID (P6231): 77019; BHCL ID (P6656): 197923; writing language (P6886): German; Brockhaus Enzyklop\u00e4die online ID (P5019): bader-karl-siegfried; HDS: 027013; description/label: deutscher Jurist und Rechtshistoriker, Duits rechtshistoricus , German legal historian, professor académico alemão, rättshistoriker, tysk professor)</subfield>
    <subfield code="u">http://www.wikidata.org/entity/Q1733010</subfield>
  </datafield>
  <datafield tag="953" ind1=" " ind2=" ">
    <subfield code="a">ec31</subfield>
  </datafield>
</record>