
<record>
  <leader>00673cz  a2200157n  4500</leader>
  <controlfield tag="001">4342077</controlfield>
  <controlfield tag="003">DLC</controlfield>
  <controlfield tag="005">20200103132344.0</controlfield>
  <controlfield tag="008">860313n| azannaabn          |n aaa      </controlfield>
  <datafield tag="010" ind1=" " ind2=" ">
    <subfield code="a">n  85315282 </subfield>
  </datafield>
  <datafield tag="035" ind1=" " ind2=" ">
    <subfield code="a">(OCoLC)oca01561561</subfield>
  </datafield>
  <datafield tag="040" ind1=" " ind2=" ">
    <subfield code="a">DLC</subfield>
    <subfield code="b">eng</subfield>
    <subfield code="c">DLC</subfield>
    <subfield code="d">OCoLC</subfield>
    <subfield code="e">rda</subfield>
    <subfield code="d">DLC</subfield>
  </datafield>
  <datafield tag="100" ind1="1" ind2=" ">
    <subfield code="a">Porro, Nicola</subfield>
  </datafield>
  <datafield tag="670" ind1=" " ind2=" ">
    <subfield code="a">D&apos;Amato, M. Sociologia, 1985:</subfield>
    <subfield code="b">t.p. (Nicola Porro)</subfield>
  </datafield>
  <datafield tag="670" ind1=" " ind2=" ">
    <subfield code="a">Sport, welfare and social policy in the European Union, 2020:</subfield>
    <subfield code="b">ECIP title page (Nicola Rinaldo Porro) biography (Full Professor in Sociology at the University of Cassino and Southern Lazio, Italy and former President of EASS (European Association for the Sociology of Sport), Italy))</subfield>
  </datafield>
  <datafield tag="953" ind1=" " ind2=" ">
    <subfield code="a">ef06</subfield>
  </datafield>
</record>