
<record>
  <leader>00713cz  a2200193n  4500</leader>
  <controlfield tag="001">4359042</controlfield>
  <controlfield tag="003">DLC</controlfield>
  <controlfield tag="005">20200103073235.0</controlfield>
  <controlfield tag="008">871016n| azannaabn          |n ana      </controlfield>
  <datafield tag="010" ind1=" " ind2=" ">
    <subfield code="a">n  86105172 </subfield>
  </datafield>
  <datafield tag="035" ind1=" " ind2=" ">
    <subfield code="a">(OCoLC)oca01962999</subfield>
  </datafield>
  <datafield tag="040" ind1=" " ind2=" ">
    <subfield code="a">DNLM</subfield>
    <subfield code="b">eng</subfield>
    <subfield code="c">DLC</subfield>
    <subfield code="e">rda</subfield>
    <subfield code="d">DNLM</subfield>
  </datafield>
  <datafield tag="046" ind1=" " ind2=" ">
    <subfield code="s">1953</subfield>
    <subfield code="2">edtf</subfield>
  </datafield>
  <datafield tag="110" ind1="2" ind2=" ">
    <subfield code="a">National Health Education Committee (U.S.)</subfield>
  </datafield>
  <datafield tag="370" ind1=" " ind2=" ">
    <subfield code="c">United States</subfield>
    <subfield code="2">naf</subfield>
  </datafield>
  <datafield tag="670" ind1=" " ind2=" ">
    <subfield code="a">The Killers and cripplers, c1976:</subfield>
    <subfield code="b">t.p. (National Health Education Committee) introd. (org. 1953; its chairman is Mrs. Albert D. Lasker)</subfield>
  </datafield>
  <datafield tag="670" ind1=" " ind2=" ">
    <subfield code="a">LC data base, 9/9/87</subfield>
    <subfield code="b">(hdg.: National Health Education Committee)</subfield>
  </datafield>
  <datafield tag="670" ind1=" " ind2=" ">
    <subfield code="a">NLM files, 9/9/87</subfield>
    <subfield code="b">(hdg.: National Health Education Committee (U.S.))</subfield>
  </datafield>
  <datafield tag="953" ind1=" " ind2=" ">
    <subfield code="a">bz57</subfield>
  </datafield>
</record>