
<record>
  <leader>02137cz  a2200241n  4500</leader>
  <controlfield tag="001">4370977</controlfield>
  <controlfield tag="003">DLC</controlfield>
  <controlfield tag="005">20200103073255.0</controlfield>
  <controlfield tag="008">860916n| azannaabn          |a aaa     c</controlfield>
  <datafield tag="010" ind1=" " ind2=" ">
    <subfield code="a">n  86852202 </subfield>
  </datafield>
  <datafield tag="035" ind1=" " ind2=" ">
    <subfield code="a">(OCoLC)oca01676312</subfield>
  </datafield>
  <datafield tag="040" ind1=" " ind2=" ">
    <subfield code="a">MH</subfield>
    <subfield code="b">eng</subfield>
    <subfield code="e">rda</subfield>
    <subfield code="c">MH</subfield>
    <subfield code="d">NcD</subfield>
    <subfield code="d">OU</subfield>
  </datafield>
  <datafield tag="046" ind1=" " ind2=" ">
    <subfield code="f">1905-01-14</subfield>
    <subfield code="g">1985-02-04</subfield>
    <subfield code="2">edtf</subfield>
  </datafield>
  <datafield tag="053" ind1=" " ind2="0">
    <subfield code="a">PT2617.E5</subfield>
  </datafield>
  <datafield tag="100" ind1="1" ind2=" ">
    <subfield code="a">Helwig, Werner,</subfield>
    <subfield code="d">1905-1985</subfield>
  </datafield>
  <datafield tag="370" ind1=" " ind2=" ">
    <subfield code="a">Berlin (Germany)</subfield>
    <subfield code="b">Thônex (Switzerland)</subfield>
    <subfield code="c">Germany</subfield>
    <subfield code="2">naf</subfield>
  </datafield>
  <datafield tag="374" ind1=" " ind2=" ">
    <subfield code="a">Authors</subfield>
    <subfield code="a">Critics</subfield>
    <subfield code="2">lcsh</subfield>
  </datafield>
  <datafield tag="375" ind1=" " ind2=" ">
    <subfield code="a">Males</subfield>
    <subfield code="2">lcdgt</subfield>
  </datafield>
  <datafield tag="400" ind1="1" ind2=" ">
    <subfield code="a">Halvid, Einar,</subfield>
    <subfield code="d">1905-1985</subfield>
  </datafield>
  <datafield tag="670" ind1=" " ind2=" ">
    <subfield code="a">His Isländisches Kajütenbuch, c1983:</subfield>
    <subfield code="b">t.p. (Werner Helwig) jacket (b. 1905 Berlin, travel writer and novelist, first published this work under pseud. Einar Halvid)</subfield>
  </datafield>
  <datafield tag="670" ind1=" " ind2=" ">
    <subfield code="a">LC data base, 8-5-86</subfield>
    <subfield code="b">(hdg.: Helwig, Werner, 1905- )</subfield>
  </datafield>
  <datafield tag="670" ind1=" " ind2=" ">
    <subfield code="a">Wikidata via Wikipedia, January 2, 2020</subfield>
    <subfield code="b">(alias: Werner Helwig; sex or gender: male; LCAuth identifier: n86852202; VIAF identifier: 122351537; GND identifier: 118549014; place of birth: Berlin; place of death: Thônex; country of citizenship: Germany; instance of: human; award received: Officer&apos;s Cross of the Order of Merit of the Federal Republic of Germany; date of birth: +1905-01-14T00:00:00Z; date of death: +1985-02-04T00:00:00Z; occupation: writer, literary critic; given name: Werner; Munzinger IBA: 00000004746; topic&apos;s main category: Werner Helwig; languages spoken or published: German; Filmportal ID (P2639): 3fbd4473d4c849edb0e4d625eff39161; Kinopoisk person ID (P2604): 347170; IMDb identifier: nm0375922; AllMovie person ID (P2019): p310336; SELIBR: 262924; BNE identifier: XX1302996; NTA identifier (Netherlands): 068474911; ISNI (P213): 0000000110088622, 0000000368570491; surname: Helwig; FAST-ID: 183433; Libris-URI (P5587): ljx03v8452vmh6t; CERL ID: cnp02033483; description/label: deutscher Schriftsteller und Wandervogel, Duits schrijver , écrivain allemand, escriptor alemany, escritor alemán, escrivan alemand, German writer, Saksamaa kirjanik, scríbhneoir Gearmánach, scriitor german, shkrimtar gjerman, סופר גרמני)</subfield>
    <subfield code="u">http://www.wikidata.org/entity/Q1521281</subfield>
  </datafield>
  <datafield tag="953" ind1=" " ind2=" ">
    <subfield code="a">bz59</subfield>
  </datafield>
</record>