
<record>
  <leader>00575cz  a2200181n  4500</leader>
  <controlfield tag="001">4383560</controlfield>
  <controlfield tag="003">DLC</controlfield>
  <controlfield tag="005">20200103073216.0</controlfield>
  <controlfield tag="008">870806n| acannaabn          |n aaa      </controlfield>
  <datafield tag="010" ind1=" " ind2=" ">
    <subfield code="a">n  87865992 </subfield>
  </datafield>
  <datafield tag="035" ind1=" " ind2=" ">
    <subfield code="a">(OCoLC)oca01912039</subfield>
  </datafield>
  <datafield tag="040" ind1=" " ind2=" ">
    <subfield code="a">DLC</subfield>
    <subfield code="b">eng</subfield>
    <subfield code="c">DLC</subfield>
    <subfield code="d">DLC</subfield>
    <subfield code="d">DLC</subfield>
    <subfield code="d">MH</subfield>
  </datafield>
  <datafield tag="100" ind1="1" ind2=" ">
    <subfield code="a">Anderson, George</subfield>
  </datafield>
  <datafield tag="667" ind1=" " ind2=" ">
    <subfield code="a">Record reported for deletion in favor of LCCN n  78043785</subfield>
  </datafield>
  <datafield tag="670" ind1=" " ind2=" ">
    <subfield code="a">Cemeteries of Pleasanton and Dublin, California, 1990:</subfield>
    <subfield code="b">t.p. (George Anderson)</subfield>
  </datafield>
  <datafield tag="675" ind1=" " ind2=" ">
    <subfield code="a">U.S. copyright file, July 30, 1999</subfield>
  </datafield>
  <datafield tag="952" ind1=" " ind2=" ">
    <subfield code="a">*bd01 035 045 046 03-22-91</subfield>
  </datafield>
  <datafield tag="953" ind1=" " ind2=" ">
    <subfield code="a">bd03</subfield>
    <subfield code="b">bd01</subfield>
  </datafield>
</record>