
<record>
  <leader>01502cz  a2200289n  4500</leader>
  <controlfield tag="001">4385349</controlfield>
  <controlfield tag="003">DLC</controlfield>
  <controlfield tag="005">20200103073203.0</controlfield>
  <controlfield tag="008">880212nc azannaabn          |b aaa     c</controlfield>
  <datafield tag="010" ind1=" " ind2=" ">
    <subfield code="a">n  87889812 </subfield>
  </datafield>
  <datafield tag="035" ind1=" " ind2=" ">
    <subfield code="a">(OCoLC)oca02202992</subfield>
  </datafield>
  <datafield tag="040" ind1=" " ind2=" ">
    <subfield code="a">InU</subfield>
    <subfield code="b">eng</subfield>
    <subfield code="e">rda</subfield>
    <subfield code="c">DLC</subfield>
    <subfield code="d">DLC</subfield>
    <subfield code="d">OCoLC</subfield>
    <subfield code="d">DLC</subfield>
    <subfield code="d">CtY</subfield>
  </datafield>
  <datafield tag="046" ind1=" " ind2=" ">
    <subfield code="s">14</subfield>
    <subfield code="t">15</subfield>
  </datafield>
  <datafield tag="100" ind1="1" ind2=" ">
    <subfield code="a">Chen, Wei,</subfield>
    <subfield code="d">active 15th century-16th century</subfield>
  </datafield>
  <datafield tag="400" ind1="1" ind2=" ">
    <subfield code="w">nnea</subfield>
    <subfield code="a">Chen, Wei,</subfield>
    <subfield code="d">15th/16th cent</subfield>
  </datafield>
  <datafield tag="400" ind1="1" ind2=" ">
    <subfield code="a">Chʻen, Yao-chʻing,</subfield>
    <subfield code="d">active 15th century-16th century</subfield>
  </datafield>
  <datafield tag="400" ind1="1" ind2=" ">
    <subfield code="a">Chen, Yaoqing,</subfield>
    <subfield code="d">active 15th century-16th century</subfield>
  </datafield>
  <datafield tag="400" ind1="1" ind2=" ">
    <subfield code="a">陳暐,</subfield>
    <subfield code="d">active 15th century-16th century</subfield>
  </datafield>
  <datafield tag="400" ind1="1" ind2=" ">
    <subfield code="a">陳煒,</subfield>
    <subfield code="d">active 15th century-16th century</subfield>
  </datafield>
  <datafield tag="667" ind1=" " ind2=" ">
    <subfield code="a">Machine-derived non-Latin script reference project.</subfield>
  </datafield>
  <datafield tag="667" ind1=" " ind2=" ">
    <subfield code="a">Non-Latin script references not evaluated.</subfield>
  </datafield>
  <datafield tag="667" ind1=" " ind2=" ">
    <subfield code="a">Non-Latin script references reviewed in NACO CJK Funnel References Project.</subfield>
  </datafield>
  <datafield tag="670" ind1=" " ind2=" ">
    <subfield code="a">His Wu chung chin shih hsin pien, 1934:</subfield>
    <subfield code="b">caption (Chʻen Wei)</subfield>
  </datafield>
  <datafield tag="670" ind1=" " ind2=" ">
    <subfield code="a">Chung-kuo jen ming ta tzʻu tien:</subfield>
    <subfield code="b">p. 1093 (Chʻen Wei of Ming dynasty; T. Yao-chʻing; Assistant magistrate of Soochow during the reign of Hung-chih, i.e. 1488-1505)</subfield>
  </datafield>
  <datafield tag="670" ind1=" " ind2=" ">
    <subfield code="a">OCLC #17244375, Dec. 29, 2019</subfield>
    <subfield code="b">(access point: 陳暐, active 15th century-16th century = Chen, Wei, active 15th century-16th century; usage: 陳暐 = Chen Wei)</subfield>
  </datafield>
  <datafield tag="670" ind1=" " ind2=" ">
    <subfield code="a">OCLC #39173966, Jan. 2, 2020</subfield>
    <subfield code="b">(access point: 陳煒, active 15th century-16th century = Chen, Wei, active 15th century-16th century; usage: 陳煒 = Chen Wei)</subfield>
  </datafield>
  <datafield tag="953" ind1=" " ind2=" ">
    <subfield code="a">bz46</subfield>
  </datafield>
</record>