
<record>
  <leader>01347cz  a2200301n  4500</leader>
  <controlfield tag="001">4401013</controlfield>
  <controlfield tag="003">DLC</controlfield>
  <controlfield tag="005">20200103073156.0</controlfield>
  <controlfield tag="008">881007n| azannaabn          |a aaa     c</controlfield>
  <datafield tag="010" ind1=" " ind2=" ">
    <subfield code="a">n  88129972 </subfield>
  </datafield>
  <datafield tag="035" ind1=" " ind2=" ">
    <subfield code="a">(OCoLC)oca02377054</subfield>
  </datafield>
  <datafield tag="040" ind1=" " ind2=" ">
    <subfield code="a">MnHi</subfield>
    <subfield code="b">eng</subfield>
    <subfield code="e">rda</subfield>
    <subfield code="c">DLC</subfield>
    <subfield code="d">PSt</subfield>
    <subfield code="d">IEN</subfield>
    <subfield code="d">MoSW-Mu</subfield>
  </datafield>
  <datafield tag="046" ind1=" " ind2=" ">
    <subfield code="f">1873</subfield>
    <subfield code="g">1938</subfield>
    <subfield code="2">edtf</subfield>
  </datafield>
  <datafield tag="100" ind1="1" ind2=" ">
    <subfield code="a">Fogarty, Thomas,</subfield>
    <subfield code="d">1873-1938</subfield>
  </datafield>
  <datafield tag="370" ind1=" " ind2=" ">
    <subfield code="a">New York (N.Y.)</subfield>
    <subfield code="e">New York (N.Y.)</subfield>
    <subfield code="2">naf</subfield>
  </datafield>
  <datafield tag="372" ind1=" " ind2=" ">
    <subfield code="a">Illustration of books</subfield>
    <subfield code="a">Art--Study and teaching</subfield>
    <subfield code="2">lcsh</subfield>
  </datafield>
  <datafield tag="373" ind1=" " ind2=" ">
    <subfield code="a">Art Students League (New York, N.Y.)</subfield>
    <subfield code="2">naf</subfield>
  </datafield>
  <datafield tag="374" ind1=" " ind2=" ">
    <subfield code="a">Illustrators</subfield>
    <subfield code="a">Art teachers</subfield>
    <subfield code="2">lcsh</subfield>
  </datafield>
  <datafield tag="375" ind1=" " ind2=" ">
    <subfield code="a">Males</subfield>
    <subfield code="2">lcdgt</subfield>
  </datafield>
  <datafield tag="377" ind1=" " ind2=" ">
    <subfield code="a">eng</subfield>
  </datafield>
  <datafield tag="400" ind1="1" ind2=" ">
    <subfield code="a">Fogarty, Thomas J.,</subfield>
    <subfield code="d">1873-1938</subfield>
  </datafield>
  <datafield tag="400" ind1="1" ind2=" ">
    <subfield code="a">Fogarty, T. J.,</subfield>
    <subfield code="d">1873-1938</subfield>
  </datafield>
  <datafield tag="670" ind1=" " ind2=" ">
    <subfield code="a">Grayson, D. Adventures in friendship, 1910:</subfield>
    <subfield code="b">t.p. (Thomas Fogarty)</subfield>
  </datafield>
  <datafield tag="670" ind1=" " ind2=" ">
    <subfield code="a">OCLC database, 9-20-88</subfield>
    <subfield code="b">(hdg: Fogarty, Thomas, 1873-1938; usage: Thomas Fogarty; Thomas J. Fogarty)</subfield>
  </datafield>
  <datafield tag="670" ind1=" " ind2=" ">
    <subfield code="a">Slocum, J. Sailing alone around the world, 1941:</subfield>
    <subfield code="b">title page (illustrated by Thomas Fogarty)</subfield>
  </datafield>
  <datafield tag="670" ind1=" " ind2=" ">
    <subfield code="a">AskArt.com, WWW site, viewed September 11, 2013</subfield>
    <subfield code="b">(birth: 1873 (New York, New York); lived/active: New York; teacher at the Art Students&apos; League)</subfield>
    <subfield code="u">http://www.askart.com/AskART/artists/biography.aspx?artist=20279</subfield>
  </datafield>
  <datafield tag="670" ind1=" " ind2=" ">
    <subfield code="a">Twain, Mark. Following the equator, 1897:</subfield>
    <subfield code="b">page 19 (T.J. Fogarty)</subfield>
  </datafield>
  <datafield tag="953" ind1=" " ind2=" ">
    <subfield code="a">bz62</subfield>
  </datafield>
</record>