
<record>
  <leader>00753cz  a2200181n  4500</leader>
  <controlfield tag="001">4417807</controlfield>
  <controlfield tag="003">DLC</controlfield>
  <controlfield tag="005">20200103141910.0</controlfield>
  <controlfield tag="008">880708n| azannaabn          |a aaa      </controlfield>
  <datafield tag="010" ind1=" " ind2=" ">
    <subfield code="a">n  88648282 </subfield>
  </datafield>
  <datafield tag="035" ind1=" " ind2=" ">
    <subfield code="a">(OCoLC)oca02316568</subfield>
  </datafield>
  <datafield tag="040" ind1=" " ind2=" ">
    <subfield code="a">DLC</subfield>
    <subfield code="b">eng</subfield>
    <subfield code="e">rda</subfield>
    <subfield code="c">DLC</subfield>
    <subfield code="d">DLC</subfield>
    <subfield code="d">MNS-J</subfield>
    <subfield code="d">DLC</subfield>
  </datafield>
  <datafield tag="100" ind1="1" ind2=" ">
    <subfield code="a">Haydn, Joseph,</subfield>
    <subfield code="d">1732-1809.</subfield>
    <subfield code="t">Erwählung eines Kapellmeisters</subfield>
  </datafield>
  <datafield tag="400" ind1="1" ind2=" ">
    <subfield code="a">Haydn, Joseph,</subfield>
    <subfield code="d">1732-1809.</subfield>
    <subfield code="t">Appointment of a conductor</subfield>
  </datafield>
  <datafield tag="400" ind1="1" ind2=" ">
    <subfield code="a">Haydn, Joseph,</subfield>
    <subfield code="d">1732-1809.</subfield>
    <subfield code="t">Karmesterválasztás</subfield>
  </datafield>
  <datafield tag="670" ind1=" " ind2=" ">
    <subfield code="a">Haydn, J. Choral works [SR] 1987?:</subfield>
    <subfield code="b">label (Die Erwählung eines Kapellmeisters = Appointment of a conductor) container (cantata, Hob. XXIVa:11)</subfield>
  </datafield>
  <datafield tag="670" ind1=" " ind2=" ">
    <subfield code="a">Hoboken</subfield>
    <subfield code="b">(Gruppe XXIVa Nr. 11, Kantate: &quot;Die Erwählung eines Kapellmeisters&quot;)</subfield>
  </datafield>
  <datafield tag="953" ind1=" " ind2=" ">
    <subfield code="a">vk07</subfield>
  </datafield>
</record>