
<record>
  <leader>02113cz  a2200445n  4500</leader>
  <controlfield tag="001">4421772</controlfield>
  <controlfield tag="003">DLC</controlfield>
  <controlfield tag="005">20200103073325.0</controlfield>
  <controlfield tag="008">890405nc azannaabn          |b aaa     c</controlfield>
  <datafield tag="010" ind1=" " ind2=" ">
    <subfield code="a">nr 89004022 </subfield>
  </datafield>
  <datafield tag="035" ind1=" " ind2=" ">
    <subfield code="a">(OCoLC)oca02498125</subfield>
  </datafield>
  <datafield tag="040" ind1=" " ind2=" ">
    <subfield code="a">NjP</subfield>
    <subfield code="b">eng</subfield>
    <subfield code="e">rda</subfield>
    <subfield code="c">NjP</subfield>
    <subfield code="d">DLC-R</subfield>
    <subfield code="d">NjP</subfield>
    <subfield code="d">OCoLC</subfield>
    <subfield code="d">DLC</subfield>
    <subfield code="d">OCoLC</subfield>
    <subfield code="d">HkUST</subfield>
    <subfield code="d">InU</subfield>
    <subfield code="d">CtY</subfield>
  </datafield>
  <datafield tag="046" ind1=" " ind2=" ">
    <subfield code="f">1626-01-03</subfield>
    <subfield code="g">1682-06-12</subfield>
    <subfield code="2">edtf</subfield>
  </datafield>
  <datafield tag="053" ind1=" " ind2="0">
    <subfield code="a">PL2705.E564</subfield>
  </datafield>
  <datafield tag="100" ind1="1" ind2=" ">
    <subfield code="a">Chen, Weisong,</subfield>
    <subfield code="d">1626-1682</subfield>
  </datafield>
  <datafield tag="400" ind1="1" ind2=" ">
    <subfield code="w">nne</subfield>
    <subfield code="a">Chʻen, Wei-sung,</subfield>
    <subfield code="d">1626-1682</subfield>
  </datafield>
  <datafield tag="400" ind1="1" ind2=" ">
    <subfield code="a">陳維崧,</subfield>
    <subfield code="d">1626-1682</subfield>
  </datafield>
  <datafield tag="400" ind1="1" ind2=" ">
    <subfield code="a">陈维崧,</subfield>
    <subfield code="d">1626-1682</subfield>
  </datafield>
  <datafield tag="400" ind1="1" ind2=" ">
    <subfield code="a">Chen, Qinian,</subfield>
    <subfield code="d">1626-1682</subfield>
  </datafield>
  <datafield tag="400" ind1="1" ind2=" ">
    <subfield code="a">Chʻen, Chʻi-nien,</subfield>
    <subfield code="d">1626-1682</subfield>
  </datafield>
  <datafield tag="400" ind1="1" ind2=" ">
    <subfield code="a">陳其年,</subfield>
    <subfield code="d">1626-1682</subfield>
  </datafield>
  <datafield tag="400" ind1="1" ind2=" ">
    <subfield code="a">Chen, Jialing,</subfield>
    <subfield code="d">1626-1682</subfield>
  </datafield>
  <datafield tag="400" ind1="1" ind2=" ">
    <subfield code="a">Chʻen, Chia-ling,</subfield>
    <subfield code="d">1626-1682</subfield>
  </datafield>
  <datafield tag="400" ind1="1" ind2=" ">
    <subfield code="a">陳迦陵,</subfield>
    <subfield code="d">1626-1682</subfield>
  </datafield>
  <datafield tag="400" ind1="1" ind2=" ">
    <subfield code="a">Chen, Ran,</subfield>
    <subfield code="d">1626-1682</subfield>
  </datafield>
  <datafield tag="400" ind1="1" ind2=" ">
    <subfield code="a">Chʻen, Jan,</subfield>
    <subfield code="d">1626-1682</subfield>
  </datafield>
  <datafield tag="400" ind1="1" ind2=" ">
    <subfield code="a">陳髯,</subfield>
    <subfield code="d">1626-1682</subfield>
  </datafield>
  <datafield tag="667" ind1=" " ind2=" ">
    <subfield code="a">Machine-derived non-Latin script reference project.</subfield>
  </datafield>
  <datafield tag="667" ind1=" " ind2=" ">
    <subfield code="a">Non-Latin script references not evaluated.</subfield>
  </datafield>
  <datafield tag="667" ind1=" " ind2=" ">
    <subfield code="a">Non-Latin script references reviewed in NACO CJK Funnel References Project.</subfield>
  </datafield>
  <datafield tag="670" ind1=" " ind2=" ">
    <subfield code="a">Chu, M. Chʻen Wei-sung, the tzʻu poet, 1978:</subfield>
    <subfield code="b">p. 18 (1626-1682)</subfield>
  </datafield>
  <datafield tag="670" ind1=" " ind2=" ">
    <subfield code="a">His Hu hai lou chʻüan chi, 1989:</subfield>
    <subfield code="b">pref. (陳維崧 = Chʻen Wei-sung, t. 其年 = Chʻi-nien, h. 迦陵 = Chia-ling; native of I-hsing)</subfield>
  </datafield>
  <datafield tag="670" ind1=" " ind2=" ">
    <subfield code="a">LC data base, 1/11/91:</subfield>
    <subfield code="b">(Chʻen, Wei-sung, 1626-1682)</subfield>
  </datafield>
  <datafield tag="670" ind1=" " ind2=" ">
    <subfield code="a">Chung-kuo wen hsüeh chia ta tzʻu tien:</subfield>
    <subfield code="b">p. 1357 (陳維崧 = Chʻen Wei-sung, 1625-1682)</subfield>
  </datafield>
  <datafield tag="670" ind1=" " ind2=" ">
    <subfield code="a">Tzʻu hai, 1979:</subfield>
    <subfield code="b">p. 988 (陈维崧 = Chʻen Wei-sung, 1625-1682)</subfield>
  </datafield>
  <datafield tag="670" ind1=" " ind2=" ">
    <subfield code="a">Yang-hsien tzʻu pʻai yen chiu, 1993:</subfield>
    <subfield code="b">p. 173 (陳維崧 = Chʻen Wei-sung; b. 12th mo./6th day/Ming Tʻien-chʻi 5 (Jan. 3, 1626); d. 5th mo./7th day/Kʻang-hsi 21 (June 12, 1682))</subfield>
  </datafield>
  <datafield tag="670" ind1=" " ind2=" ">
    <subfield code="a">Eminent Chʻing, 1943-1944</subfield>
    <subfield code="b">(陳維崧 = Chʻen Wei-sung; Jan. 3, 1626-June 12, 1682; cognomen 陳髯 = Chʻen Jan)</subfield>
  </datafield>
  <datafield tag="670" ind1=" " ind2=" ">
    <subfield code="a">Chung-kuo chu tso chia tzʻu tien, 1971</subfield>
    <subfield code="b">(陳維崧 = Chʻen Wei-sung; Jan. 3, 1626-June 12, 1682)</subfield>
  </datafield>
  <datafield tag="953" ind1=" " ind2=" ">
    <subfield code="a">xx00</subfield>
    <subfield code="b">ta27</subfield>
  </datafield>
  <datafield tag="985" ind1=" " ind2=" ">
    <subfield code="c">RLIN</subfield>
    <subfield code="e">LSPC</subfield>
  </datafield>
</record>