
<record>
  <leader>02016cz  a2200229n  4500</leader>
  <controlfield tag="001">4443420</controlfield>
  <controlfield tag="003">DLC</controlfield>
  <controlfield tag="005">20200103073151.0</controlfield>
  <controlfield tag="008">901029n| azannaabn          |n aaa     c</controlfield>
  <datafield tag="010" ind1=" " ind2=" ">
    <subfield code="a">nr 90022442 </subfield>
  </datafield>
  <datafield tag="035" ind1=" " ind2=" ">
    <subfield code="a">(OCoLC)oca02842189</subfield>
  </datafield>
  <datafield tag="040" ind1=" " ind2=" ">
    <subfield code="a">NjP</subfield>
    <subfield code="b">eng</subfield>
    <subfield code="e">rda</subfield>
    <subfield code="c">NjP</subfield>
    <subfield code="d">OU</subfield>
  </datafield>
  <datafield tag="046" ind1=" " ind2=" ">
    <subfield code="f">1903-01-22</subfield>
    <subfield code="g">1974-02-21</subfield>
    <subfield code="2">edtf</subfield>
  </datafield>
  <datafield tag="100" ind1="1" ind2=" ">
    <subfield code="a">Heiss, Robert,</subfield>
    <subfield code="d">1903-1974</subfield>
  </datafield>
  <datafield tag="370" ind1=" " ind2=" ">
    <subfield code="a">Munich (Germany)</subfield>
    <subfield code="b">Freiburg im Breisgau (Germany)</subfield>
    <subfield code="2">naf</subfield>
  </datafield>
  <datafield tag="374" ind1=" " ind2=" ">
    <subfield code="a">Philosophers</subfield>
    <subfield code="a">Psychologists</subfield>
    <subfield code="a">College teachers</subfield>
    <subfield code="2">lcsh</subfield>
  </datafield>
  <datafield tag="375" ind1=" " ind2=" ">
    <subfield code="a">Males</subfield>
    <subfield code="2">lcdgt</subfield>
  </datafield>
  <datafield tag="670" ind1=" " ind2=" ">
    <subfield code="a">Das Gesetz in den Wissenschaften, 1965:</subfield>
    <subfield code="b">t.p. (Robert Heiss)</subfield>
  </datafield>
  <datafield tag="670" ind1=" " ind2=" ">
    <subfield code="a">LC in RLIN, 10-26-90</subfield>
    <subfield code="b">(hdg.: Heiss, Robert, 1903-)</subfield>
  </datafield>
  <datafield tag="670" ind1=" " ind2=" ">
    <subfield code="a">Wikidata via Wikipedia, January 2, 2020</subfield>
    <subfield code="b">(alias: Robert Heiss; LCAuth identifier: nr90022442; VIAF identifier: 112584746; GND identifier: 118709968; ISNI (P213): 0000000108601642; place of birth: Munich; place of death: Freiburg im Breisgau; country of citizenship: Germany; instance of: human; date of birth: +1903-01-22T00:00:00Z; date of death: +1974-02-21T00:00:00Z; employer: University of Freiburg, University of Cologne; given name: Robert; NTA identifier (Netherlands): 069504865; occupation: philosopher, psychologist, university teacher; work location: Freiburg im Breisgau, Cologne; languages spoken or published: German; NDL identifier: 00442944; BIBSYS identifier: 90619367; BAV (Vatican Library) identifier: ADV11529126; NUKAT authorities: n99036561; doctoral student: Gerhard Dahl; FAST-ID: 277455; CONOR identifier: 187582051; Angelicum author ID (P5731): 18267; SHARE Catalogue author ID (P3987): 289689; SUDOC authorities: 076862593; sex or gender: male; NKC identifier: nlk20030134556; National Library of Korea Identifier (P5034): KAC2018N8046; PUSC author ID (P5739): 36678; description/label: deutscher Philosoph und Psychologe, Duits filosoof , filosofo tedesco, German philosopher and psychologist, tysk professor, فيلسوف ألماني)</subfield>
    <subfield code="u">http://www.wikidata.org/entity/Q2157509</subfield>
  </datafield>
  <datafield tag="953" ind1=" " ind2=" ">
    <subfield code="a">xx00</subfield>
  </datafield>
  <datafield tag="985" ind1=" " ind2=" ">
    <subfield code="c">RLIN</subfield>
    <subfield code="e">LSPC</subfield>
  </datafield>
</record>