
<record>
  <leader>01305cz  a2200265n  4500</leader>
  <controlfield tag="001">4447559</controlfield>
  <controlfield tag="003">DLC</controlfield>
  <controlfield tag="005">20200103073200.0</controlfield>
  <controlfield tag="008">900418n| azannaabn          |a aaa      </controlfield>
  <datafield tag="010" ind1=" " ind2=" ">
    <subfield code="a">n  90633522 </subfield>
  </datafield>
  <datafield tag="035" ind1=" " ind2=" ">
    <subfield code="a">(OCoLC)oca02725043</subfield>
  </datafield>
  <datafield tag="040" ind1=" " ind2=" ">
    <subfield code="a">DLC</subfield>
    <subfield code="b">eng</subfield>
    <subfield code="e">rda</subfield>
    <subfield code="c">DLC</subfield>
    <subfield code="d">DLC</subfield>
    <subfield code="d">PPi-MA</subfield>
  </datafield>
  <datafield tag="046" ind1=" " ind2=" ">
    <subfield code="k">1956-07-18</subfield>
    <subfield code="l">1956-07-30</subfield>
    <subfield code="2">edtf</subfield>
  </datafield>
  <datafield tag="100" ind1="1" ind2=" ">
    <subfield code="a">Schuman, William,</subfield>
    <subfield code="d">1910-1992.</subfield>
    <subfield code="t">Chester,</subfield>
    <subfield code="m">band</subfield>
  </datafield>
  <datafield tag="370" ind1=" " ind2=" ">
    <subfield code="g">New Rochelle (N.Y.)</subfield>
    <subfield code="2">naf</subfield>
  </datafield>
  <datafield tag="380" ind1=" " ind2=" ">
    <subfield code="a">Overtures</subfield>
    <subfield code="2">lcgft</subfield>
  </datafield>
  <datafield tag="382" ind1="0" ind2=" ">
    <subfield code="a">band</subfield>
    <subfield code="2">lcmpt</subfield>
  </datafield>
  <datafield tag="400" ind1="1" ind2=" ">
    <subfield code="a">Schuman, William,</subfield>
    <subfield code="d">1910-1992.</subfield>
    <subfield code="t">Chester overture</subfield>
  </datafield>
  <datafield tag="500" ind1="1" ind2=" ">
    <subfield code="w">r</subfield>
    <subfield code="i">Based on (work):</subfield>
    <subfield code="a">Billings, William,</subfield>
    <subfield code="d">1746-1800.</subfield>
    <subfield code="t">New-England psalm-singer.</subfield>
    <subfield code="p">Chester</subfield>
  </datafield>
  <datafield tag="667" ind1=" " ind2=" ">
    <subfield code="a">Not the same work as the 3rd movt. of his New England triptych.</subfield>
  </datafield>
  <datafield tag="670" ind1=" " ind2=" ">
    <subfield code="a">His Chester, c1989:</subfield>
    <subfield code="b">t.p. (Chester : variations for piano) t.p. verso (arrangement of the composer&apos;s overture for band, Chester)</subfield>
  </datafield>
  <datafield tag="670" ind1=" " ind2=" ">
    <subfield code="a">LC manual cat.</subfield>
    <subfield code="b">(hdg.: Schuman, William Howard, 1910- Chester)</subfield>
  </datafield>
  <datafield tag="670" ind1=" " ind2=" ">
    <subfield code="a">Schuman, William. Chester, ©1957:</subfield>
    <subfield code="b">title page (Chester : overture for band; based on William Billings&apos; hymn and marching song of the American Revolution) page 32 (July 18-30, 1956, New Rochelle)</subfield>
  </datafield>
  <datafield tag="670" ind1=" " ind2=" ">
    <subfield code="a">Grove music online, January 2, 2020</subfield>
    <subfield code="b">(concert band: Chester overture (from New England triptych), July 30, 1956)</subfield>
  </datafield>
  <datafield tag="953" ind1=" " ind2=" ">
    <subfield code="a">vk12</subfield>
    <subfield code="b">vl09</subfield>
  </datafield>
</record>