
<record>
  <leader>01466cz  a2200289n  4500</leader>
  <controlfield tag="001">4453962</controlfield>
  <controlfield tag="003">DLC</controlfield>
  <controlfield tag="005">20200103145013.0</controlfield>
  <controlfield tag="008">901016n| azannaabn          |a aaa      </controlfield>
  <datafield tag="010" ind1=" " ind2=" ">
    <subfield code="a">n  90704702 </subfield>
    <subfield code="z">n  87105480 </subfield>
  </datafield>
  <datafield tag="035" ind1=" " ind2=" ">
    <subfield code="a">(OCoLC)oca02833490</subfield>
  </datafield>
  <datafield tag="040" ind1=" " ind2=" ">
    <subfield code="a">DLC</subfield>
    <subfield code="b">eng</subfield>
    <subfield code="e">rda</subfield>
    <subfield code="c">DLC</subfield>
    <subfield code="d">DLC</subfield>
    <subfield code="d">OCoLC</subfield>
    <subfield code="d">DLC</subfield>
  </datafield>
  <datafield tag="100" ind1="1" ind2=" ">
    <subfield code="a">Cruz Z., Ernesto</subfield>
  </datafield>
  <datafield tag="370" ind1=" " ind2=" ">
    <subfield code="c">Chile</subfield>
    <subfield code="c">United States</subfield>
    <subfield code="2">naf</subfield>
  </datafield>
  <datafield tag="372" ind1=" " ind2=" ">
    <subfield code="a">Earthquake engineering</subfield>
    <subfield code="a">Structural engineering</subfield>
    <subfield code="2">lcsh</subfield>
  </datafield>
  <datafield tag="373" ind1=" " ind2=" ">
    <subfield code="a">EQCO Earthquake Engineering Consultants</subfield>
    <subfield code="s">2008</subfield>
  </datafield>
  <datafield tag="373" ind1=" " ind2=" ">
    <subfield code="a">Universidad Católica de Chile</subfield>
    <subfield code="2">naf</subfield>
    <subfield code="t">2011</subfield>
  </datafield>
  <datafield tag="373" ind1=" " ind2=" ">
    <subfield code="a">University of California, Berkeley</subfield>
    <subfield code="2">naf</subfield>
  </datafield>
  <datafield tag="374" ind1=" " ind2=" ">
    <subfield code="a">Civil engineers</subfield>
    <subfield code="2">lcsh</subfield>
  </datafield>
  <datafield tag="377" ind1=" " ind2=" ">
    <subfield code="a">eng</subfield>
    <subfield code="a">spa</subfield>
  </datafield>
  <datafield tag="378" ind1=" " ind2=" ">
    <subfield code="q">Ernesto F.</subfield>
  </datafield>
  <datafield tag="400" ind1="1" ind2=" ">
    <subfield code="a">Cruz Z., E.</subfield>
    <subfield code="q">(Ernesto)</subfield>
  </datafield>
  <datafield tag="400" ind1="1" ind2=" ">
    <subfield code="w">nne</subfield>
    <subfield code="a">Cruz, Ernesto F.</subfield>
  </datafield>
  <datafield tag="670" ind1=" " ind2=" ">
    <subfield code="a">Lecciones del sismo del 3 de marzo de 1985, 1988:</subfield>
    <subfield code="b">t.p. (Ernesto Cruz Z.) cover (E. Cruz Z.)</subfield>
  </datafield>
  <datafield tag="670" ind1=" " ind2=" ">
    <subfield code="a">nuc87-58645: His Simplified methods of analysis ... 1985</subfield>
    <subfield code="b">(hdg. on MiEM rept.: Cruz, Ernesto F.; usage: Ernesto F. Cruz)</subfield>
  </datafield>
  <datafield tag="670" ind1=" " ind2=" ">
    <subfield code="a">LinkedIn, via WWW, viewed Jan. 3, 2020</subfield>
    <subfield code="b">(Ernesto Cruz; senior consultant in earthquake engineering; Chile; principal, EQCO Earthquake Engineering Consultants, 2008-present; prof. of structural engineering, Pontificia Univ. Católica de Chile, Oct. 1977-March 2011; Ph.D. in earthquake engineering from Univ. of Calif., Berkeley; civil engineer degree in structural engineering from Pontificia Univ. Católica de Chile)</subfield>
  </datafield>
  <datafield tag="953" ind1=" " ind2=" ">
    <subfield code="a">bh13</subfield>
  </datafield>
</record>