
<record>
  <leader>00562cz  a2200181n  4500</leader>
  <controlfield tag="001">4458680</controlfield>
  <controlfield tag="003">DLC</controlfield>
  <controlfield tag="005">20200103073151.0</controlfield>
  <controlfield tag="008">910130n| azannaabn          |a aaa      </controlfield>
  <datafield tag="010" ind1=" " ind2=" ">
    <subfield code="a">n  91009382 </subfield>
  </datafield>
  <datafield tag="035" ind1=" " ind2=" ">
    <subfield code="a">(OCoLC)oca02886381</subfield>
  </datafield>
  <datafield tag="040" ind1=" " ind2=" ">
    <subfield code="a">DLC</subfield>
    <subfield code="b">eng</subfield>
    <subfield code="c">DLC</subfield>
    <subfield code="d">DLC</subfield>
    <subfield code="e">rda</subfield>
    <subfield code="d">CLU</subfield>
  </datafield>
  <datafield tag="100" ind1="1" ind2=" ">
    <subfield code="a">Kʻēōtʻahean, Shahnazar</subfield>
  </datafield>
  <datafield tag="375" ind1=" " ind2=" ">
    <subfield code="a">males</subfield>
    <subfield code="2">lcdgt</subfield>
  </datafield>
  <datafield tag="377" ind1=" " ind2=" ">
    <subfield code="a">arm</subfield>
  </datafield>
  <datafield tag="400" ind1="1" ind2=" ">
    <subfield code="a">Keotahian, Shahnazar</subfield>
  </datafield>
  <datafield tag="670" ind1=" " ind2=" ">
    <subfield code="a">His Husher u nisher,1990:</subfield>
    <subfield code="b">t.p. (Shahnazar Kʻēōtʻahean) added t.p., etc. (Shahnazar Keotahian; Los Angeles, CA, U.S.A.; b. in Tamzara)</subfield>
  </datafield>
  <datafield tag="953" ind1=" " ind2=" ">
    <subfield code="a">bc99</subfield>
  </datafield>
</record>