
<record>
  <leader>01438cz  a2200349n  4500</leader>
  <controlfield tag="001">4460403</controlfield>
  <controlfield tag="003">DLC</controlfield>
  <controlfield tag="005">20200103073151.0</controlfield>
  <controlfield tag="008">910506nc azannaabn          |b aaa      </controlfield>
  <datafield tag="010" ind1=" " ind2=" ">
    <subfield code="a">nr 91015672 </subfield>
  </datafield>
  <datafield tag="035" ind1=" " ind2=" ">
    <subfield code="a">(OCoLC)oca02946964</subfield>
  </datafield>
  <datafield tag="040" ind1=" " ind2=" ">
    <subfield code="a">DLC-R</subfield>
    <subfield code="b">eng</subfield>
    <subfield code="e">rda</subfield>
    <subfield code="c">DLC-R</subfield>
    <subfield code="d">OCoLC</subfield>
    <subfield code="d">DNLM</subfield>
    <subfield code="d">OCoLC</subfield>
    <subfield code="d">DNLM</subfield>
  </datafield>
  <datafield tag="046" ind1=" " ind2=" ">
    <subfield code="f">[1079,1080]</subfield>
    <subfield code="g">1154</subfield>
    <subfield code="2">edtf</subfield>
  </datafield>
  <datafield tag="100" ind1="1" ind2=" ">
    <subfield code="a">Xu, Shuwei,</subfield>
    <subfield code="d">1080-1154</subfield>
  </datafield>
  <datafield tag="400" ind1="1" ind2=" ">
    <subfield code="a">Hsü, Chih-kʻo,</subfield>
    <subfield code="d">1080-1154</subfield>
  </datafield>
  <datafield tag="400" ind1="1" ind2=" ">
    <subfield code="w">nne</subfield>
    <subfield code="a">Hsü, Shu-wei,</subfield>
    <subfield code="d">1080-1154</subfield>
  </datafield>
  <datafield tag="400" ind1="1" ind2=" ">
    <subfield code="a">Kyo, Chika,</subfield>
    <subfield code="d">1080-1154</subfield>
  </datafield>
  <datafield tag="400" ind1="1" ind2=" ">
    <subfield code="a">Kyo, Gakushi,</subfield>
    <subfield code="d">1080-1154</subfield>
  </datafield>
  <datafield tag="400" ind1="1" ind2=" ">
    <subfield code="a">Kyo, Shukubi,</subfield>
    <subfield code="d">1080-1154</subfield>
  </datafield>
  <datafield tag="400" ind1="1" ind2=" ">
    <subfield code="a">Xu, Xueshi,</subfield>
    <subfield code="d">1080-1154</subfield>
  </datafield>
  <datafield tag="400" ind1="1" ind2=" ">
    <subfield code="a">Xu, Zhike,</subfield>
    <subfield code="d">1080-1154</subfield>
  </datafield>
  <datafield tag="400" ind1="1" ind2=" ">
    <subfield code="a">許叔微,</subfield>
    <subfield code="d">1080-1154</subfield>
  </datafield>
  <datafield tag="400" ind1="1" ind2=" ">
    <subfield code="a">许叔微,</subfield>
    <subfield code="d">1080-1154</subfield>
  </datafield>
  <datafield tag="400" ind1="1" ind2=" ">
    <subfield code="a">許知可,</subfield>
    <subfield code="d">1080-1154</subfield>
  </datafield>
  <datafield tag="667" ind1=" " ind2=" ">
    <subfield code="a">Machine-derived non-Latin script reference project.</subfield>
  </datafield>
  <datafield tag="667" ind1=" " ind2=" ">
    <subfield code="a">Non-Latin script references not evaluated.</subfield>
  </datafield>
  <datafield tag="670" ind1=" " ind2=" ">
    <subfield code="a">Chʻen, K.C. Sung tai ming i Hsü Shu-wei, 1989:</subfield>
    <subfield code="b">p. 1 (t. Chih-kʻo; b. 1080; d. 1154; native of Chen-chou Pai-sha)</subfield>
  </datafield>
  <datafield tag="670" ind1=" " ind2=" ">
    <subfield code="a">Fusai honjihō, 1736:</subfield>
    <subfield code="b">t.p. (Kyo Shukubi [chi rdg.: Xu Shuwei]) pref., etc. (another forename: 知可 = Chika [chi rdg.: Zhike])</subfield>
  </datafield>
  <datafield tag="670" ind1=" " ind2=" ">
    <subfield code="a">Zhong yi da jiang tang, 9/14/2004</subfield>
    <subfield code="b">(Xu, Shuwei; 1079-1154?, died at age 76; jin shi 1133; med. doctor)</subfield>
  </datafield>
  <datafield tag="670" ind1=" " ind2=" ">
    <subfield code="a">Chiitsuan, 9/14/2004</subfield>
    <subfield code="b">(Kyo Gakushi [chi rdg.: Xu Xueshi], x-ref to Xu Shuwei and Xu Zhike)</subfield>
  </datafield>
  <datafield tag="953" ind1=" " ind2=" ">
    <subfield code="a">xx00</subfield>
  </datafield>
  <datafield tag="985" ind1=" " ind2=" ">
    <subfield code="c">RLIN</subfield>
    <subfield code="e">LSPC</subfield>
  </datafield>
</record>