
<record>
  <leader>01119cz  a2200253n  4500</leader>
  <controlfield tag="001">4470961</controlfield>
  <controlfield tag="003">DLC</controlfield>
  <controlfield tag="005">20200103073319.0</controlfield>
  <controlfield tag="008">910827n| azannaabn          |a ana      </controlfield>
  <datafield tag="010" ind1=" " ind2=" ">
    <subfield code="a">n  91086562 </subfield>
  </datafield>
  <datafield tag="035" ind1=" " ind2=" ">
    <subfield code="a">(OCoLC)oca03009140</subfield>
  </datafield>
  <datafield tag="040" ind1=" " ind2=" ">
    <subfield code="a">DLC</subfield>
    <subfield code="b">eng</subfield>
    <subfield code="e">rda</subfield>
    <subfield code="c">DLC</subfield>
    <subfield code="d">DLC</subfield>
    <subfield code="d">InU</subfield>
    <subfield code="d">DGU</subfield>
  </datafield>
  <datafield tag="110" ind1="2" ind2=" ">
    <subfield code="a">Verlag E.S. Mittler &amp; Sohn</subfield>
  </datafield>
  <datafield tag="410" ind1="2" ind2=" ">
    <subfield code="a">E.S. Mittler &amp; Sohn</subfield>
  </datafield>
  <datafield tag="410" ind1="2" ind2=" ">
    <subfield code="a">Ernst Siegfried Mittler &amp; Sohn</subfield>
  </datafield>
  <datafield tag="410" ind1="2" ind2=" ">
    <subfield code="a">Verlag E.S. Mittler und Sohn</subfield>
  </datafield>
  <datafield tag="410" ind1="2" ind2=" ">
    <subfield code="a">Mittler, firm, publishers, Berlin</subfield>
  </datafield>
  <datafield tag="410" ind1="2" ind2=" ">
    <subfield code="a">Ernst Siegfried Mittler und Sohn</subfield>
  </datafield>
  <datafield tag="510" ind1="2" ind2=" ">
    <subfield code="w">r</subfield>
    <subfield code="i">Successor:</subfield>
    <subfield code="a">S. Toeche-Mittler Verlagsbuchhandlung</subfield>
  </datafield>
  <datafield tag="670" ind1=" " ind2=" ">
    <subfield code="a">Schulz, G. S. Toeche-Mittler Verlagsbuchhandlung GmbH, c1989:</subfield>
    <subfield code="b">t.p. (S. Toeche-Mittler Verlagsbuchhandlung; vormals E.S. Mittler &amp; Sohn, Berlin) p. 12 (founded in 1789; Ernst Siegfried Mittler &amp; Sohn)</subfield>
  </datafield>
  <datafield tag="670" ind1=" " ind2=" ">
    <subfield code="a">LC data base, 08-27-91</subfield>
    <subfield code="b">(hdg.: Verlag E.S. Mittler &amp; Sohn)</subfield>
  </datafield>
  <datafield tag="670" ind1=" " ind2=" ">
    <subfield code="a">LC database, October 24, 2008</subfield>
    <subfield code="b">(hdg.: Mittler, firm, publishers, Berlin)</subfield>
  </datafield>
  <datafield tag="670" ind1=" " ind2=" ">
    <subfield code="a">Deutschlands auswärtige Politik, 1888-1914, 1917:</subfield>
    <subfield code="b">title page (Ernst Siegfried Mittler und Sohn)</subfield>
  </datafield>
  <datafield tag="953" ind1=" " ind2=" ">
    <subfield code="a">ec27</subfield>
    <subfield code="b">he11</subfield>
  </datafield>
</record>