
<record>
  <leader>01915cz  a2200349n  4500</leader>
  <controlfield tag="001">4483098</controlfield>
  <controlfield tag="003">DLC</controlfield>
  <controlfield tag="005">20200103190145.0</controlfield>
  <controlfield tag="008">920317n| azannaabn          |a ana     c</controlfield>
  <datafield tag="010" ind1=" " ind2=" ">
    <subfield code="a">n  92029412 </subfield>
  </datafield>
  <datafield tag="035" ind1=" " ind2=" ">
    <subfield code="a">(OCoLC)oca03134085</subfield>
  </datafield>
  <datafield tag="040" ind1=" " ind2=" ">
    <subfield code="a">TxU</subfield>
    <subfield code="b">eng</subfield>
    <subfield code="e">rda</subfield>
    <subfield code="c">TxU</subfield>
    <subfield code="d">DLC</subfield>
    <subfield code="d">TxU</subfield>
    <subfield code="d">CSt</subfield>
    <subfield code="d">NNFr</subfield>
    <subfield code="d">DLC</subfield>
  </datafield>
  <datafield tag="046" ind1=" " ind2=" ">
    <subfield code="s">1990</subfield>
    <subfield code="t">2006</subfield>
    <subfield code="2">edtf</subfield>
  </datafield>
  <datafield tag="110" ind1="2" ind2=" ">
    <subfield code="a">Museo de Arte Contemporáneo de Caracas Sofía Imber</subfield>
  </datafield>
  <datafield tag="368" ind1=" " ind2=" ">
    <subfield code="a">Art museums</subfield>
    <subfield code="2">lcsh</subfield>
  </datafield>
  <datafield tag="370" ind1=" " ind2=" ">
    <subfield code="c">Venezuela</subfield>
    <subfield code="e">Caracas (Venezuela)</subfield>
    <subfield code="2">naf</subfield>
  </datafield>
  <datafield tag="372" ind1=" " ind2=" ">
    <subfield code="a">Art--Exhibitions</subfield>
    <subfield code="2">lcsh</subfield>
  </datafield>
  <datafield tag="377" ind1=" " ind2=" ">
    <subfield code="a">spa</subfield>
  </datafield>
  <datafield tag="410" ind1="2" ind2=" ">
    <subfield code="a">Sofía Imber Contemporary Art Museum of Caracas</subfield>
  </datafield>
  <datafield tag="410" ind1="2" ind2=" ">
    <subfield code="a">Museo de Arte Contemporáneo Sofía Imber</subfield>
  </datafield>
  <datafield tag="410" ind1="2" ind2=" ">
    <subfield code="a">MACCSI</subfield>
  </datafield>
  <datafield tag="410" ind1="2" ind2=" ">
    <subfield code="a">Fundación Museo de Arte Contemporáneo de Caracas Sofía Imber</subfield>
  </datafield>
  <datafield tag="410" ind1="2" ind2=" ">
    <subfield code="a">Museo de Arte Contemporáneo (Caracas, Venezuela)</subfield>
  </datafield>
  <datafield tag="500" ind1="1" ind2=" ">
    <subfield code="a">Ímber, Sofía</subfield>
  </datafield>
  <datafield tag="510" ind1="2" ind2=" ">
    <subfield code="w">r</subfield>
    <subfield code="i">Predecessor:</subfield>
    <subfield code="a">Museo de Arte Contemporáneo de Caracas</subfield>
  </datafield>
  <datafield tag="510" ind1="2" ind2=" ">
    <subfield code="w">r</subfield>
    <subfield code="i">Successor:</subfield>
    <subfield code="a">Museo de Arte Contemporáneo de Caracas (2006-)</subfield>
  </datafield>
  <datafield tag="670" ind1=" " ind2=" ">
    <subfield code="a">Pedro Centeno Vallenilla, 1991:</subfield>
    <subfield code="b">t.p. (Museo de Arte Contemporáneo de Caracas Sofía Imber) p. 5 (Museo de Arte Contemporáneo de Caracas)</subfield>
  </datafield>
  <datafield tag="670" ind1=" " ind2=" ">
    <subfield code="a">Its Museo de Arte Comtemp. ... 1991?:</subfield>
    <subfield code="b">t.p. (Sofía Imber Comtemporary Art Museum of Caracas) pref. (Museo de Arte Contemporáneo Sofía Imber; MACCSI)</subfield>
  </datafield>
  <datafield tag="670" ind1=" " ind2=" ">
    <subfield code="a">Santiago Cárdenas, 1995:</subfield>
    <subfield code="b">t.p. (Fundación Museo de Arte Contemporáneo de Caracas Sofía Imber) p. 7 (Museo de Arte Contemporáneo de Caracas Sofía Imber)</subfield>
  </datafield>
  <datafield tag="670" ind1=" " ind2=" ">
    <subfield code="a">Alexandra Meijer-Werner, 2006:</subfield>
    <subfield code="b">colophon (Museo de Arte Contemporáneo)</subfield>
  </datafield>
  <datafield tag="670" ind1=" " ind2=" ">
    <subfield code="a">Wikipedia, 8 February 2019</subfield>
    <subfield code="b">(heading: Museo de Arte Contemporáneo de Caracas; founded by Sofía Imber, 30 August 1973; renamed Museo de Arte Contemporáneo Sofía Imber, 1990-2006, after which institution reverted to former name Museo de Arte Contemporáneo de Caracas)</subfield>
  </datafield>
  <datafield tag="953" ind1=" " ind2=" ">
    <subfield code="a">bz81</subfield>
  </datafield>
</record>