
<record>
  <leader>00812cz  a2200229n  4500</leader>
  <controlfield tag="001">4565978</controlfield>
  <controlfield tag="003">DLC</controlfield>
  <controlfield tag="005">20200103073306.0</controlfield>
  <controlfield tag="008">960927n| azannaabn          |a aaa     c</controlfield>
  <datafield tag="010" ind1=" " ind2=" ">
    <subfield code="a">nr 96034852 </subfield>
  </datafield>
  <datafield tag="035" ind1=" " ind2=" ">
    <subfield code="a">(OCoLC)oca04171715</subfield>
  </datafield>
  <datafield tag="040" ind1=" " ind2=" ">
    <subfield code="a">PP</subfield>
    <subfield code="b">eng</subfield>
    <subfield code="e">rda</subfield>
    <subfield code="c">PP</subfield>
    <subfield code="d">MoSW-Mu</subfield>
  </datafield>
  <datafield tag="046" ind1=" " ind2=" ">
    <subfield code="f">1847</subfield>
    <subfield code="g">1935</subfield>
    <subfield code="2">edtf</subfield>
  </datafield>
  <datafield tag="100" ind1="1" ind2=" ">
    <subfield code="a">Dielman, Frederick,</subfield>
    <subfield code="d">1847-1935</subfield>
  </datafield>
  <datafield tag="372" ind1=" " ind2=" ">
    <subfield code="a">Illustration of books</subfield>
    <subfield code="2">lcsh</subfield>
  </datafield>
  <datafield tag="374" ind1=" " ind2=" ">
    <subfield code="a">Illustrators</subfield>
    <subfield code="2">lcsh</subfield>
  </datafield>
  <datafield tag="400" ind1="1" ind2=" ">
    <subfield code="a">Dielman, F.</subfield>
    <subfield code="q">(Frederick),</subfield>
    <subfield code="d">1847-1935</subfield>
  </datafield>
  <datafield tag="670" ind1=" " ind2=" ">
    <subfield code="a">Irving, W. Tales of a traveller, 1895:</subfield>
    <subfield code="b">plate (Frederick Dielman)</subfield>
  </datafield>
  <datafield tag="670" ind1=" " ind2=" ">
    <subfield code="a">LC database, 9/27/96</subfield>
    <subfield code="b">(hdg.: Dielman, Frederick, 1847-1935; usage: F. Dielman)</subfield>
  </datafield>
  <datafield tag="670" ind1=" " ind2=" ">
    <subfield code="a">Twain, Mark. Folllowing the equator, 1897:</subfield>
    <subfield code="b">page 19 (Frederick Dielman; in list of illustrators for the book)</subfield>
  </datafield>
  <datafield tag="953" ind1=" " ind2=" ">
    <subfield code="a">xx00</subfield>
  </datafield>
  <datafield tag="985" ind1=" " ind2=" ">
    <subfield code="c">RLG</subfield>
    <subfield code="e">LSPC</subfield>
  </datafield>
</record>