
<record>
  <leader>00567cz  a2200181n  4500</leader>
  <controlfield tag="001">4579256</controlfield>
  <controlfield tag="003">DLC</controlfield>
  <controlfield tag="005">20200103073307.0</controlfield>
  <controlfield tag="008">970107n| azannaab|          |n aaa      </controlfield>
  <datafield tag="010" ind1=" " ind2=" ">
    <subfield code="a">n  97001392 </subfield>
  </datafield>
  <datafield tag="016" ind1=" " ind2=" ">
    <subfield code="a">0072G9217E</subfield>
  </datafield>
  <datafield tag="035" ind1=" " ind2=" ">
    <subfield code="a">(OCoLC)oca04242275</subfield>
  </datafield>
  <datafield tag="040" ind1=" " ind2=" ">
    <subfield code="a">DLC</subfield>
    <subfield code="b">eng</subfield>
    <subfield code="e">rda</subfield>
    <subfield code="c">DLC</subfield>
    <subfield code="d">CaOONL</subfield>
  </datafield>
  <datafield tag="042" ind1=" " ind2=" ">
    <subfield code="a">nlc</subfield>
  </datafield>
  <datafield tag="046" ind1=" " ind2=" ">
    <subfield code="f">1952</subfield>
    <subfield code="2">edtf</subfield>
  </datafield>
  <datafield tag="100" ind1="1" ind2=" ">
    <subfield code="a">Lamoureux, Heather,</subfield>
    <subfield code="d">1952-</subfield>
  </datafield>
  <datafield tag="670" ind1=" " ind2=" ">
    <subfield code="a">Presenting expert witnesses, 1995:</subfield>
    <subfield code="b">t.p. (Heather Lamoureux; of O&apos;Brien, Devlin, Markey, MacLeod, Lamoureux) Canadian CIP data (hdg.: Lamoureux, Heather, 1952- )</subfield>
  </datafield>
  <datafield tag="953" ind1=" " ind2=" ">
    <subfield code="a">sg03</subfield>
  </datafield>
</record>