
<record>
  <leader>00904cz  a2200193n  4500</leader>
  <controlfield tag="001">4603027</controlfield>
  <controlfield tag="003">DLC</controlfield>
  <controlfield tag="005">20200103165016.0</controlfield>
  <controlfield tag="008">971211n| azannaab           |a ana      </controlfield>
  <datafield tag="010" ind1=" " ind2=" ">
    <subfield code="a">n  97122512 </subfield>
  </datafield>
  <datafield tag="035" ind1=" " ind2=" ">
    <subfield code="a">(DLC)n  97122512</subfield>
  </datafield>
  <datafield tag="040" ind1=" " ind2=" ">
    <subfield code="a">DLC</subfield>
    <subfield code="b">eng</subfield>
    <subfield code="c">DLC</subfield>
    <subfield code="e">rda</subfield>
    <subfield code="d">DLC</subfield>
  </datafield>
  <datafield tag="110" ind1="2" ind2=" ">
    <subfield code="a">Busabanutʻyan Institut (Hayastani Gitutʻyunneri Akademia)</subfield>
  </datafield>
  <datafield tag="410" ind1="2" ind2=" ">
    <subfield code="a">Institut botaniki (Hayastani Gitutʻyunneri Akademia)</subfield>
  </datafield>
  <datafield tag="410" ind1="2" ind2=" ">
    <subfield code="a">Institut botaniki (Nat︠s︡ionalʹnai︠a︡ Akademii︠a︡ Nauk Respubliki Armenii︠a︡)</subfield>
  </datafield>
  <datafield tag="510" ind1="2" ind2=" ">
    <subfield code="w">a</subfield>
    <subfield code="a">Busabanutʻyan Institut (Haykakan SSH Gitutʻyunneri Akademia)</subfield>
  </datafield>
  <datafield tag="670" ind1=" " ind2=" ">
    <subfield code="a">Muchnistorosi︠a︡nye griby Armenii, 1994:</subfield>
    <subfield code="b">t.p. (Akademii︠a︡ nauk Armenii, Institut botaniki) added t.p. (Hayastani Gitutʻyunneri Akademia, Busabanutʻyan Institut)</subfield>
  </datafield>
  <datafield tag="675" ind1=" " ind2=" ">
    <subfield code="a">LC database, 12-11-97 (hdg.: Busabanutʻyan Institut (Haykakan SSH Gitutʻyunneri Akademia))</subfield>
  </datafield>
  <datafield tag="953" ind1=" " ind2=" ">
    <subfield code="a">jb07</subfield>
  </datafield>
</record>