
<record>
  <leader>02257cz  a2200349n  4500</leader>
  <controlfield tag="001">4622272</controlfield>
  <controlfield tag="003">DLC</controlfield>
  <controlfield tag="005">20200103073237.0</controlfield>
  <controlfield tag="008">980428n| acannaabn          |a aaa      </controlfield>
  <datafield tag="010" ind1=" " ind2=" ">
    <subfield code="a">n  98039532 </subfield>
  </datafield>
  <datafield tag="035" ind1=" " ind2=" ">
    <subfield code="a">(OCoLC)oca04717208</subfield>
  </datafield>
  <datafield tag="040" ind1=" " ind2=" ">
    <subfield code="a">DLC</subfield>
    <subfield code="b">eng</subfield>
    <subfield code="c">DLC</subfield>
    <subfield code="d">NN-RH</subfield>
    <subfield code="d">DLC</subfield>
    <subfield code="d">OOC</subfield>
    <subfield code="d">PPi-MA</subfield>
  </datafield>
  <datafield tag="046" ind1=" " ind2=" ">
    <subfield code="k">1788-07-16</subfield>
    <subfield code="2">edtf</subfield>
  </datafield>
  <datafield tag="100" ind1="1" ind2=" ">
    <subfield code="a">Mozart, Wolfgang Amadeus,</subfield>
    <subfield code="d">1756-1791.</subfield>
    <subfield code="t">Canzonetta,</subfield>
    <subfield code="m">soprano voices (2), bass voice, basset horns (3),</subfield>
    <subfield code="n">K. 549,</subfield>
    <subfield code="r">B♭ major</subfield>
  </datafield>
  <datafield tag="370" ind1=" " ind2=" ">
    <subfield code="g">Vienna (Austria)</subfield>
    <subfield code="2">naf</subfield>
  </datafield>
  <datafield tag="380" ind1=" " ind2=" ">
    <subfield code="a">Canzonets (Part songs)</subfield>
    <subfield code="a">Chamber music</subfield>
    <subfield code="2">lcgft</subfield>
  </datafield>
  <datafield tag="382" ind1="0" ind2=" ">
    <subfield code="a">soprano voice</subfield>
    <subfield code="n">2</subfield>
    <subfield code="a">bass voice</subfield>
    <subfield code="n">1</subfield>
    <subfield code="a">basset horn</subfield>
    <subfield code="n">3</subfield>
    <subfield code="s">6</subfield>
    <subfield code="2">lcmpt</subfield>
  </datafield>
  <datafield tag="383" ind1=" " ind2=" ">
    <subfield code="c">K. 549</subfield>
    <subfield code="d">Köchel6</subfield>
    <subfield code="2">mlati</subfield>
  </datafield>
  <datafield tag="384" ind1="0" ind2=" ">
    <subfield code="a">B♭ major</subfield>
  </datafield>
  <datafield tag="400" ind1="1" ind2=" ">
    <subfield code="a">Mozart, Wolfgang Amadeus,</subfield>
    <subfield code="d">1756-1791.</subfield>
    <subfield code="t">Nocturnes,</subfield>
    <subfield code="m">soprano voices (2), bass voice, basset horns (3),</subfield>
    <subfield code="n">K. 549,</subfield>
    <subfield code="r">B♭ major</subfield>
  </datafield>
  <datafield tag="400" ind1="1" ind2=" ">
    <subfield code="a">Mozart, Wolfgang Amadeus,</subfield>
    <subfield code="d">1756-1791.</subfield>
    <subfield code="t">Più non si trovano</subfield>
  </datafield>
  <datafield tag="400" ind1="1" ind2=" ">
    <subfield code="a">Mozart, Wolfgang Amadeus,</subfield>
    <subfield code="d">1756-1791.</subfield>
    <subfield code="t">Lasst euch erzählen</subfield>
  </datafield>
  <datafield tag="400" ind1="1" ind2=" ">
    <subfield code="a">Mozart, Wolfgang Amadeus,</subfield>
    <subfield code="d">1756-1791.</subfield>
    <subfield code="t">No longer does one find</subfield>
  </datafield>
  <datafield tag="400" ind1="1" ind2=" ">
    <subfield code="a">Mozart, Wolfgang Amadeus,</subfield>
    <subfield code="d">1756-1791.</subfield>
    <subfield code="t">On ne trouve plus</subfield>
  </datafield>
  <datafield tag="400" ind1="1" ind2=" ">
    <subfield code="a">Mozart, Wolfgang Amadeus,</subfield>
    <subfield code="d">1756-1791.</subfield>
    <subfield code="t">Trios,</subfield>
    <subfield code="m">soprano voices (2), bass voice, basset horns (3),</subfield>
    <subfield code="n">K. 549,</subfield>
    <subfield code="r">B♭ major</subfield>
  </datafield>
  <datafield tag="400" ind1="1" ind2=" ">
    <subfield code="w">nnea</subfield>
    <subfield code="a">Mozart, Wolfgang Amadeus,</subfield>
    <subfield code="d">1756-1791.</subfield>
    <subfield code="t">Canzonetta,</subfield>
    <subfield code="m">sopranos (2), bass, basset horns (3),</subfield>
    <subfield code="n">K. 549,</subfield>
    <subfield code="r">B♭ major</subfield>
  </datafield>
  <datafield tag="670" ind1=" " ind2=" ">
    <subfield code="a">Mozart, W.A. Divertimenti e notturni [SR] 1996?:</subfield>
    <subfield code="b">container (Notturno, K. 549, Più non si trovano)</subfield>
  </datafield>
  <datafield tag="670" ind1=" " ind2=" ">
    <subfield code="a">Köchel, 6. Aufl.</subfield>
    <subfield code="b">(549: Canzonetta für zwei Soprane und Bass, Più non si trovano; accompaniment: 3 basset horns (?))</subfield>
  </datafield>
  <datafield tag="670" ind1=" " ind2=" ">
    <subfield code="a">Die Wiener Sängerknaben [SR] 1968:</subfield>
    <subfield code="b">label (Lasst euch erzählen : Terzett / von W.A. Mozart)</subfield>
  </datafield>
  <datafield tag="670" ind1=" " ind2=" ">
    <subfield code="a">Mozart, Wolfgang Amadeus. Mehrstimmige Gesänge, 1971:</subfield>
    <subfield code="b">contents (Sechs Notturni (Kanzonetten). Più non si trovano : Canzonetta (Terzett) für zwei Soprane und Bass mit Begleitung von drei Bassetthörnern, KV 549)</subfield>
  </datafield>
  <datafield tag="670" ind1=" " ind2=" ">
    <subfield code="a">Grove music online, December 19, 2019:</subfield>
    <subfield code="b">vocal ensembles with piano or instrumental ensemble (K. 549, Più non si trovano (Metastasio, L&apos;olimpiade), S, S, B, 3 basset-hn, Vienna, July 16, 1788; authenticity of acc. doubtful)</subfield>
  </datafield>
  <datafield tag="953" ind1=" " ind2=" ">
    <subfield code="a">vl24</subfield>
    <subfield code="b">ta30</subfield>
  </datafield>
</record>