
<record>
  <leader>00472cz  a2200193n  4500</leader>
  <controlfield tag="001">4798039</controlfield>
  <controlfield tag="003">DLC</controlfield>
  <controlfield tag="005">20200103060007.0</controlfield>
  <controlfield tag="008">860211|| anannbabn          |a ana      </controlfield>
  <datafield tag="010" ind1=" " ind2=" ">
    <subfield code="a">sh 85149887 </subfield>
  </datafield>
  <datafield tag="035" ind1=" " ind2=" ">
    <subfield code="a">(DLC)sh 85149887</subfield>
  </datafield>
  <datafield tag="035" ind1=" " ind2=" ">
    <subfield code="a">(DLC)144724</subfield>
  </datafield>
  <datafield tag="040" ind1=" " ind2=" ">
    <subfield code="a">DLC</subfield>
    <subfield code="c">DLC</subfield>
  </datafield>
  <datafield tag="150" ind1=" " ind2=" ">
    <subfield code="a">Zionism and Judaism</subfield>
  </datafield>
  <datafield tag="450" ind1=" " ind2=" ">
    <subfield code="a">Judaism and Zionism</subfield>
  </datafield>
  <datafield tag="550" ind1=" " ind2=" ">
    <subfield code="w">g</subfield>
    <subfield code="a">Judaism</subfield>
  </datafield>
  <datafield tag="906" ind1=" " ind2=" ">
    <subfield code="t">64--</subfield>
    <subfield code="u">----</subfield>
    <subfield code="v">0</subfield>
  </datafield>
  <datafield tag="910" ind1=" " ind2=" ">
    <subfield code="a">Record saved by td14 on 01/02/2020 at 10:30:48</subfield>
  </datafield>
  <datafield tag="953" ind1=" " ind2=" ">
    <subfield code="a">xx00</subfield>
  </datafield>
</record>