
<record>
  <leader>01468cz  a2200277n  4500</leader>
  <controlfield tag="001">4958534</controlfield>
  <controlfield tag="003">DLC</controlfield>
  <controlfield tag="005">20200103073239.0</controlfield>
  <controlfield tag="008">991013nc azannaabn          |b aaa      </controlfield>
  <datafield tag="010" ind1=" " ind2=" ">
    <subfield code="a">nr 99032039 </subfield>
  </datafield>
  <datafield tag="035" ind1=" " ind2=" ">
    <subfield code="a">(OCoLC)oca05084039</subfield>
  </datafield>
  <datafield tag="040" ind1=" " ind2=" ">
    <subfield code="a">DLC-R</subfield>
    <subfield code="b">eng</subfield>
    <subfield code="e">rda</subfield>
    <subfield code="c">DLC-R</subfield>
    <subfield code="d">OCoLC</subfield>
    <subfield code="d">DLC</subfield>
    <subfield code="d">CtY</subfield>
  </datafield>
  <datafield tag="046" ind1=" " ind2=" ">
    <subfield code="f">1881</subfield>
    <subfield code="g">1958</subfield>
    <subfield code="2">edtf</subfield>
  </datafield>
  <datafield tag="100" ind1="1" ind2=" ">
    <subfield code="a">Chen, Weiming,</subfield>
    <subfield code="d">1881-1958</subfield>
  </datafield>
  <datafield tag="400" ind1="1" ind2=" ">
    <subfield code="w">nne</subfield>
    <subfield code="a">Chʻen, Wei-ming,</subfield>
    <subfield code="d">1881-1958</subfield>
  </datafield>
  <datafield tag="400" ind1="1" ind2=" ">
    <subfield code="a">陳微明,</subfield>
    <subfield code="d">1881-1958</subfield>
  </datafield>
  <datafield tag="400" ind1="1" ind2=" ">
    <subfield code="a">hen, Shenxian,</subfield>
    <subfield code="d">1881-1958</subfield>
  </datafield>
  <datafield tag="400" ind1="1" ind2=" ">
    <subfield code="a">陳慎先,</subfield>
    <subfield code="d">1881-1958</subfield>
  </datafield>
  <datafield tag="500" ind1="1" ind2=" ">
    <subfield code="w">r</subfield>
    <subfield code="i">Real identity:</subfield>
    <subfield code="a">Chen, Zengze,</subfield>
    <subfield code="d">1881-1958</subfield>
  </datafield>
  <datafield tag="667" ind1=" " ind2=" ">
    <subfield code="a">Machine-derived non-Latin script reference project.</subfield>
  </datafield>
  <datafield tag="667" ind1=" " ind2=" ">
    <subfield code="a">Non-Latin script reference not evaluated.</subfield>
  </datafield>
  <datafield tag="667" ind1=" " ind2=" ">
    <subfield code="a">Non-Latin script references reviewed in NACO CJK Funnel References Project.</subfield>
  </datafield>
  <datafield tag="670" ind1=" " ind2=" ">
    <subfield code="a">Tʻai chi chʻuan ta wen, questions and answers on tʻai chi boxing, 1985:</subfield>
    <subfield code="b">CIP t.p. (Chen Wei-Ming) introd. (founded a school in 1925 and tought tʻai chi chʻuan in Shanghai) t.p. (also in Chinese characters: Chʻen Wei-ming)</subfield>
  </datafield>
  <datafield tag="670" ind1=" " ind2=" ">
    <subfield code="a">Taiji sword, 2000:</subfield>
    <subfield code="b">CIP t.p. (Chen Weiming) translator&apos;s introd. (Chen Weiming, 1881-1958, a disciple of Yang Chengfu)</subfield>
  </datafield>
  <datafield tag="670" ind1=" " ind2=" ">
    <subfield code="a">Qing shan hu guan yi mo, 2005:</subfield>
    <subfield code="b">t.p. (陳曾則 = Chen Zengze) reprint notes (1881-1958; native of Hubei; zi: 慎先 = Shenxian; obtained Ju-ren degree in Guangxu Ren-yin nian)</subfield>
  </datafield>
  <datafield tag="670" ind1=" " ind2=" ">
    <subfield code="a">Baidu search, 2015-08-03</subfield>
    <subfield code="b">(陳慎先 = Chen Shenxian, zi: 微明= Weiming, Tai ji quan master)</subfield>
  </datafield>
</record>