
<record>
  <leader>01133cz  a2200217n  4500</leader>
  <controlfield tag="001">5045523</controlfield>
  <controlfield tag="003">DLC</controlfield>
  <controlfield tag="005">20200103073244.0</controlfield>
  <controlfield tag="008">000302n| azannaabn          |a aaa     c</controlfield>
  <datafield tag="010" ind1=" " ind2=" ">
    <subfield code="a">no 00014719 </subfield>
  </datafield>
  <datafield tag="035" ind1=" " ind2=" ">
    <subfield code="a">(OCoLC)oca05165121</subfield>
  </datafield>
  <datafield tag="040" ind1=" " ind2=" ">
    <subfield code="a">OBgU-MA</subfield>
    <subfield code="b">eng</subfield>
    <subfield code="e">rda</subfield>
    <subfield code="c">OBgU-MA</subfield>
    <subfield code="d">OBgU-MA</subfield>
    <subfield code="d">DLC</subfield>
    <subfield code="d">OBgU-MA</subfield>
  </datafield>
  <datafield tag="046" ind1=" " ind2=" ">
    <subfield code="f">1920~</subfield>
    <subfield code="g">1986</subfield>
    <subfield code="2">edtf</subfield>
  </datafield>
  <datafield tag="100" ind1="1" ind2=" ">
    <subfield code="a">Jones, Ann,</subfield>
    <subfield code="d">approximately 1920-1986</subfield>
  </datafield>
  <datafield tag="400" ind1="1" ind2=" ">
    <subfield code="w">nnea</subfield>
    <subfield code="a">Jones, Ann,</subfield>
    <subfield code="d">ca. 1920-1986</subfield>
  </datafield>
  <datafield tag="400" ind1="1" ind2=" ">
    <subfield code="a">Matthews, Ann,</subfield>
    <subfield code="d">approximately 1920-1986</subfield>
  </datafield>
  <datafield tag="510" ind1="2" ind2=" ">
    <subfield code="w">r</subfield>
    <subfield code="i">Corporate body:</subfield>
    <subfield code="a">Sweethearts (Musical group : Ann Jones)</subfield>
  </datafield>
  <datafield tag="670" ind1=" " ind2=" ">
    <subfield code="a">Songs of the hills [SR] 196-?:</subfield>
    <subfield code="b">(Ann Jones, vocals)</subfield>
  </datafield>
  <datafield tag="670" ind1=" " ind2=" ">
    <subfield code="a">Jones, A. Ann Jones and her Western Sweethearts [SR] 2007:</subfield>
    <subfield code="b">insert (Ann Jones; d. Mar. 1986)</subfield>
  </datafield>
  <datafield tag="670" ind1=" " ind2=" ">
    <subfield code="a">Encyc. of country mus.</subfield>
    <subfield code="b">(hdg.: Jones, Ann; Matthews, Ann; b. ca. 1920; Hutchinson, KS)</subfield>
  </datafield>
  <datafield tag="670" ind1=" " ind2=" ">
    <subfield code="a">Jones, A. Both ends of the candle, 1978:</subfield>
    <subfield code="b">label (Sweethearts) container (members: Ann Jones, vocals ; Cyndi Graves, guitar, bass, piano, mandolin, banjo, fiddle, harmonica, melodica, drums, and vocals ; Blanche Emerson, steel guitar ; Addie-Frances Jones, drums and vocals; Western swing group)</subfield>
  </datafield>
</record>