
<record>
  <leader>01308cz  a2200313n  4500</leader>
  <controlfield tag="001">5054272</controlfield>
  <controlfield tag="003">DLC</controlfield>
  <controlfield tag="005">20200103073245.0</controlfield>
  <controlfield tag="008">000314n| azannaabn          |b aaa     c</controlfield>
  <datafield tag="010" ind1=" " ind2=" ">
    <subfield code="a">no 00017657 </subfield>
  </datafield>
  <datafield tag="035" ind1=" " ind2=" ">
    <subfield code="a">(OCoLC)oca05174434</subfield>
  </datafield>
  <datafield tag="040" ind1=" " ind2=" ">
    <subfield code="a">NjP</subfield>
    <subfield code="b">eng</subfield>
    <subfield code="e">rda</subfield>
    <subfield code="c">NjP</subfield>
    <subfield code="d">DLC</subfield>
    <subfield code="d">NjP</subfield>
  </datafield>
  <datafield tag="046" ind1=" " ind2=" ">
    <subfield code="f">1873</subfield>
    <subfield code="g">1954-07-22</subfield>
    <subfield code="2">edtf</subfield>
  </datafield>
  <datafield tag="100" ind1="0" ind2=" ">
    <subfield code="a">Mahmut Naci,</subfield>
    <subfield code="d">1873-1954</subfield>
  </datafield>
  <datafield tag="370" ind1=" " ind2=" ">
    <subfield code="a">Tripoli (Libya)</subfield>
    <subfield code="b">Istanbul (Turkey)</subfield>
    <subfield code="2">naf</subfield>
  </datafield>
  <datafield tag="375" ind1=" " ind2=" ">
    <subfield code="a">Males</subfield>
    <subfield code="2">lcdgt</subfield>
  </datafield>
  <datafield tag="377" ind1=" " ind2=" ">
    <subfield code="a">ota</subfield>
    <subfield code="a">tur</subfield>
    <subfield code="a">ara</subfield>
  </datafield>
  <datafield tag="400" ind1="0" ind2=" ">
    <subfield code="a">Mahmud Naci,</subfield>
    <subfield code="d">1873-1954</subfield>
  </datafield>
  <datafield tag="400" ind1="0" ind2=" ">
    <subfield code="w">nnea</subfield>
    <subfield code="a">Mahmut Naci,</subfield>
    <subfield code="d">b. 1875?</subfield>
  </datafield>
  <datafield tag="400" ind1="1" ind2=" ">
    <subfield code="a">Naci, Mahmut,</subfield>
    <subfield code="d">1873-1954</subfield>
  </datafield>
  <datafield tag="400" ind1="0" ind2=" ">
    <subfield code="a">محمود ناجي،</subfield>
    <subfield code="d">1873-1954</subfield>
  </datafield>
  <datafield tag="400" ind1="0" ind2=" ">
    <subfield code="a">Maḥmūd Nājī,</subfield>
    <subfield code="d">1873-1954</subfield>
  </datafield>
  <datafield tag="400" ind1="1" ind2=" ">
    <subfield code="a">Balkış, Mahmud Naci,</subfield>
    <subfield code="d">1873-1954</subfield>
  </datafield>
  <datafield tag="667" ind1=" " ind2=" ">
    <subfield code="a">Non-Latin script reference not evaluated.</subfield>
  </datafield>
  <datafield tag="670" ind1=" " ind2=" ">
    <subfield code="a">Trablusgarp, 1914:</subfield>
    <subfield code="b">t.p. (Trablusgarp mebusu Mahmut Naci)</subfield>
  </datafield>
  <datafield tag="670" ind1=" " ind2=" ">
    <subfield code="a">Trablusgarp, 2019:</subfield>
    <subfield code="b">t.p. (Mahmud Naci) cover (محمود ناجي = Maḥmūd Nājī [in Ara.]) page xv, etc.  (Mahmud Naci (Balkış); born 1873 / H. 1290 in Tripoli, died July 22, 1954 in Istanbul, represented Tripoli in the Ottoman parliament)</subfield>
  </datafield>
  <datafield tag="670" ind1=" " ind2=" ">
    <subfield code="a">Özege</subfield>
    <subfield code="b">no. 21170 (Mahmud Naci)</subfield>
  </datafield>
  <datafield tag="670" ind1=" " ind2=" ">
    <subfield code="a">RLIN, March 9, 2000</subfield>
    <subfield code="b">(hdg.: Mahmut Naci, 1875?-)</subfield>
  </datafield>
  <datafield tag="675" ind1=" " ind2=" ">
    <subfield code="a">Büyük lûgat ve ansik.;</subfield>
    <subfield code="a">Türk dili ve edeb. ansik.</subfield>
  </datafield>
</record>