
<record>
  <leader>00421cz  a2200145n  4500</leader>
  <controlfield tag="001">5055595</controlfield>
  <controlfield tag="003">DLC</controlfield>
  <controlfield tag="005">20200103073247.0</controlfield>
  <controlfield tag="008">000316n| azannaabn          |n aaa      </controlfield>
  <datafield tag="010" ind1=" " ind2=" ">
    <subfield code="a">n  00002788 </subfield>
  </datafield>
  <datafield tag="035" ind1=" " ind2=" ">
    <subfield code="a">(OCoLC)oca05177370</subfield>
  </datafield>
  <datafield tag="040" ind1=" " ind2=" ">
    <subfield code="a">DLC</subfield>
    <subfield code="b">eng</subfield>
    <subfield code="e">rda</subfield>
    <subfield code="c">DLC</subfield>
    <subfield code="d">DNLM</subfield>
  </datafield>
  <datafield tag="100" ind1="1" ind2=" ">
    <subfield code="a">Fenniri, Hicham</subfield>
  </datafield>
  <datafield tag="670" ind1=" " ind2=" ">
    <subfield code="a">Combinatorial chemistry, 2000:</subfield>
    <subfield code="b">CIP t.p. (Hicham Fenniri, Brown Laboratory of Chemistry, Purdue Univ.)</subfield>
  </datafield>
  <datafield tag="953" ind1=" " ind2=" ">
    <subfield code="a">jc14</subfield>
  </datafield>
</record>