
<record>
  <leader>01566cz  a2200253n  4500</leader>
  <controlfield tag="001">5057027</controlfield>
  <controlfield tag="003">DLC</controlfield>
  <controlfield tag="005">20200103073247.0</controlfield>
  <controlfield tag="008">000316n| azannaabn          |a aaa     c</controlfield>
  <datafield tag="010" ind1=" " ind2=" ">
    <subfield code="a">no 00018399 </subfield>
  </datafield>
  <datafield tag="035" ind1=" " ind2=" ">
    <subfield code="a">(OCoLC)oca05176302</subfield>
  </datafield>
  <datafield tag="040" ind1=" " ind2=" ">
    <subfield code="a">OBgU-MA</subfield>
    <subfield code="b">eng</subfield>
    <subfield code="e">rda</subfield>
    <subfield code="c">OBgU-MA</subfield>
    <subfield code="d">PPi-MA</subfield>
  </datafield>
  <datafield tag="046" ind1=" " ind2=" ">
    <subfield code="f">1934-03-04</subfield>
    <subfield code="g">1996-12-10</subfield>
    <subfield code="2">edtf</subfield>
  </datafield>
  <datafield tag="100" ind1="1" ind2=" ">
    <subfield code="a">Duffey, John</subfield>
  </datafield>
  <datafield tag="368" ind1=" " ind2=" ">
    <subfield code="c">Jr.</subfield>
  </datafield>
  <datafield tag="370" ind1=" " ind2=" ">
    <subfield code="a">Washington (D.C.)</subfield>
    <subfield code="b">Arlington (Va.)</subfield>
    <subfield code="f">Washington (D.C.)</subfield>
    <subfield code="2">naf</subfield>
  </datafield>
  <datafield tag="374" ind1=" " ind2=" ">
    <subfield code="a">Singers</subfield>
    <subfield code="a">Composers</subfield>
    <subfield code="a">Arrangers (Musicians)</subfield>
    <subfield code="a">Bluegrass musicians</subfield>
    <subfield code="a">Mandolinists</subfield>
    <subfield code="a">Guitarists</subfield>
    <subfield code="2">lcsh</subfield>
  </datafield>
  <datafield tag="375" ind1=" " ind2=" ">
    <subfield code="a">Males</subfield>
    <subfield code="2">lcdgt</subfield>
  </datafield>
  <datafield tag="378" ind1=" " ind2=" ">
    <subfield code="q">John Humbird</subfield>
  </datafield>
  <datafield tag="510" ind1="2" ind2=" ">
    <subfield code="w">r</subfield>
    <subfield code="i">Founded corporate body of person:</subfield>
    <subfield code="a">Country Gentlemen (Musical group)</subfield>
  </datafield>
  <datafield tag="510" ind1="2" ind2=" ">
    <subfield code="w">r</subfield>
    <subfield code="i">Founded corporate body of person:</subfield>
    <subfield code="a">Seldom Scene (Musical group)</subfield>
  </datafield>
  <datafield tag="670" ind1=" " ind2=" ">
    <subfield code="a">Duffey, J. The Country Gentleman, v. 2 [SR] 1961:</subfield>
    <subfield code="b">label (John Duffey, vocals, composer, arranger &amp; violin)</subfield>
  </datafield>
  <datafield tag="670" ind1=" " ind2=" ">
    <subfield code="a">Moore, Stephen. John Duffey&apos;s bluegrass life, 2019:</subfield>
    <subfield code="b">passim (John Duffey) page 2 (John Humbird Duffey, Jr.; born March 4, 1934, Washington, D.C.; a founder of bluegrass bands the Country Gentlemen and the Seldom Scene) page 351 (died December 10, 1996, Arlington, Virginia) discography (dobro, mandolin, vocals, guitar; not credited as violinist)</subfield>
  </datafield>
  <datafield tag="670" ind1=" " ind2=" ">
    <subfield code="a">Wikipedia, January 2, 2020</subfield>
    <subfield code="b">(John Duffey; born John Humbird Duffey, Jr., March 4, 1934, Washington, D.C., died December 10, 1996, Arlington, Virginia; Washington, D.C.-based bluegrass musician; founder of the Country Gentlemen and the Seldom Scene; instruments: vocals, mandolin, dobro, guitar)</subfield>
  </datafield>
</record>