
<record>
  <leader>00545cz  a2200145n  4500</leader>
  <controlfield tag="001">5068058</controlfield>
  <controlfield tag="003">DLC</controlfield>
  <controlfield tag="005">20200103160607.0</controlfield>
  <controlfield tag="008">000331n| azannaab           |n aaa     c</controlfield>
  <datafield tag="010" ind1=" " ind2=" ">
    <subfield code="a">no 00022551 </subfield>
  </datafield>
  <datafield tag="035" ind1=" " ind2=" ">
    <subfield code="a">(OCoLC)oca05187851</subfield>
  </datafield>
  <datafield tag="040" ind1=" " ind2=" ">
    <subfield code="a">NjP</subfield>
    <subfield code="b">eng</subfield>
    <subfield code="c">NjP</subfield>
    <subfield code="e">rda</subfield>
  </datafield>
  <datafield tag="100" ind1="1" ind2=" ">
    <subfield code="a">Cardano, Mario</subfield>
  </datafield>
  <datafield tag="670" ind1=" " ind2=" ">
    <subfield code="a">Lo specchio, la rosa e il loto, 1997:</subfield>
    <subfield code="b">t.p. (Mario Cardano) cover p. 4 (has doct. in sociology and social research; researcher at the Univ. di Torino)</subfield>
  </datafield>
  <datafield tag="670" ind1=" " ind2=" ">
    <subfield code="a">Defending qualitative research, 2020</subfield>
    <subfield code="b">ECIP t.p. (Mario Cardano) ECIP dataview (b. 1958)</subfield>
  </datafield>
</record>