
<record>
  <leader>00746cz  a2200205n  4500</leader>
  <controlfield tag="001">5138312</controlfield>
  <controlfield tag="003">DLC</controlfield>
  <controlfield tag="005">20200103104812.0</controlfield>
  <controlfield tag="008">000712n| azannaabn          |n aaa     c</controlfield>
  <datafield tag="010" ind1=" " ind2=" ">
    <subfield code="a">no 00048931 </subfield>
  </datafield>
  <datafield tag="035" ind1=" " ind2=" ">
    <subfield code="a">(OCoLC)oca05256739</subfield>
  </datafield>
  <datafield tag="040" ind1=" " ind2=" ">
    <subfield code="a">NBuU</subfield>
    <subfield code="b">eng</subfield>
    <subfield code="e">rda</subfield>
    <subfield code="c">NBuU</subfield>
    <subfield code="d">DLC</subfield>
    <subfield code="d">DLC</subfield>
  </datafield>
  <datafield tag="046" ind1=" " ind2=" ">
    <subfield code="f">1976-10-04</subfield>
    <subfield code="2">edtf</subfield>
  </datafield>
  <datafield tag="053" ind1=" " ind2="0">
    <subfield code="a">PS3606.E3876</subfield>
  </datafield>
  <datafield tag="100" ind1="1" ind2=" ">
    <subfield code="a">Felice, Simone,</subfield>
    <subfield code="d">1976-</subfield>
  </datafield>
  <datafield tag="370" ind1=" " ind2=" ">
    <subfield code="a">Palenville (N.Y.)</subfield>
    <subfield code="c">United States</subfield>
    <subfield code="2">naf</subfield>
  </datafield>
  <datafield tag="374" ind1=" " ind2=" ">
    <subfield code="a">Musicians</subfield>
    <subfield code="a">Composers</subfield>
    <subfield code="a">Poets</subfield>
    <subfield code="a">Performance artists</subfield>
    <subfield code="2">lcsh</subfield>
  </datafield>
  <datafield tag="670" ind1=" " ind2=" ">
    <subfield code="a">The picture show, 2000:</subfield>
    <subfield code="b">t.p. (Simone Felice) p. 37 (b. 1976; poet and performance artist)</subfield>
  </datafield>
  <datafield tag="670" ind1=" " ind2=" ">
    <subfield code="a">Discogs, viewed Dec. 18, 2019</subfield>
    <subfield code="b">(Simone Felice; musician, songwriter, poet; born October 4, 1976 in Palenville, New York)</subfield>
  </datafield>
  <datafield tag="953" ind1=" " ind2=" ">
    <subfield code="b">lh36</subfield>
  </datafield>
</record>