
<record>
  <leader>00914cz  a2200241n  4500</leader>
  <controlfield tag="001">5175034</controlfield>
  <controlfield tag="003">DLC</controlfield>
  <controlfield tag="005">20200103135233.0</controlfield>
  <controlfield tag="008">000821n| azannaabn          |b aaa     c</controlfield>
  <datafield tag="010" ind1=" " ind2=" ">
    <subfield code="a">no 00067737 </subfield>
  </datafield>
  <datafield tag="035" ind1=" " ind2=" ">
    <subfield code="a">(OCoLC)oca05294089</subfield>
  </datafield>
  <datafield tag="040" ind1=" " ind2=" ">
    <subfield code="a">ICU</subfield>
    <subfield code="b">eng</subfield>
    <subfield code="e">rda</subfield>
    <subfield code="c">ICU</subfield>
    <subfield code="d">DLC</subfield>
  </datafield>
  <datafield tag="046" ind1=" " ind2=" ">
    <subfield code="f">1935</subfield>
  </datafield>
  <datafield tag="100" ind1="1" ind2=" ">
    <subfield code="a">Kuliev, T. A.</subfield>
    <subfield code="q">(Tofik Avaz ogly),</subfield>
    <subfield code="d">1935-</subfield>
  </datafield>
  <datafield tag="370" ind1=" " ind2=" ">
    <subfield code="c">Baku (Azerbaijan)</subfield>
    <subfield code="2">naf</subfield>
  </datafield>
  <datafield tag="374" ind1=" " ind2=" ">
    <subfield code="a">Economists</subfield>
    <subfield code="2">lcsh</subfield>
  </datafield>
  <datafield tag="375" ind1=" " ind2=" ">
    <subfield code="a">male</subfield>
  </datafield>
  <datafield tag="377" ind1=" " ind2=" ">
    <subfield code="a">aze</subfield>
    <subfield code="a">rus</subfield>
  </datafield>
  <datafield tag="400" ind1="1" ind2=" ">
    <subfield code="a">Кулиев, Т. А.</subfield>
    <subfield code="q">(Тофик Аваз оглы),</subfield>
    <subfield code="d">1935-</subfield>
  </datafield>
  <datafield tag="400" ind1="1" ind2=" ">
    <subfield code="a">Kuliev, Tofik Avaz ogly,</subfield>
    <subfield code="d">1935-</subfield>
  </datafield>
  <datafield tag="400" ind1="1" ind2=" ">
    <subfield code="a">Кулиев, Тофик Аваз оглы,</subfield>
    <subfield code="d">1935-</subfield>
  </datafield>
  <datafield tag="667" ind1=" " ind2=" ">
    <subfield code="a">Non-Latin script reference not evaluated.</subfield>
  </datafield>
  <datafield tag="670" ind1=" " ind2=" ">
    <subfield code="a">Reguliruemai︠a︡ rynochnai︠a︡ ėkonomika, 1999:</subfield>
    <subfield code="b">t.p. (Т.А. Кулиев = T.A. Kuliev) p. 3 (Кулиев Тофик Аваз оглы ... род. 1935 = Kuliev Tofik Avaz ogly ... rod. 1935)</subfield>
  </datafield>
</record>