
<record>
  <leader>00412cz  a2200145n  4500</leader>
  <controlfield tag="001">5190047</controlfield>
  <controlfield tag="003">DLC</controlfield>
  <controlfield tag="005">20200103073251.0</controlfield>
  <controlfield tag="008">000911n| azannaabn          |n aaa     c</controlfield>
  <datafield tag="010" ind1=" " ind2=" ">
    <subfield code="a">no 00073571 </subfield>
  </datafield>
  <datafield tag="035" ind1=" " ind2=" ">
    <subfield code="a">(OCoLC)oca05307900</subfield>
  </datafield>
  <datafield tag="040" ind1=" " ind2=" ">
    <subfield code="a">PPi-MA</subfield>
    <subfield code="b">eng</subfield>
    <subfield code="e">rda</subfield>
    <subfield code="c">PPi-MA</subfield>
    <subfield code="d">WaBeWWUM</subfield>
  </datafield>
  <datafield tag="100" ind1="1" ind2=" ">
    <subfield code="a">Tieu, Teresia</subfield>
  </datafield>
  <datafield tag="374" ind1=" " ind2=" ">
    <subfield code="a">Harpists</subfield>
    <subfield code="2">lcsh</subfield>
  </datafield>
  <datafield tag="670" ind1=" " ind2=" ">
    <subfield code="a">Brown, E. Collected early works [SR] p2000:</subfield>
    <subfield code="b">container (Teresia Tieu, harp)</subfield>
  </datafield>
</record>