
<record>
  <leader>01820cz  a2200301n  4500</leader>
  <controlfield tag="001">5198795</controlfield>
  <controlfield tag="003">DLC</controlfield>
  <controlfield tag="005">20200103073251.0</controlfield>
  <controlfield tag="008">000921n| azannaabn          |a aaa      </controlfield>
  <datafield tag="010" ind1=" " ind2=" ">
    <subfield code="a">n  00015299 </subfield>
    <subfield code="z">n  00000272 </subfield>
  </datafield>
  <datafield tag="035" ind1=" " ind2=" ">
    <subfield code="a">(OCoLC)oca05317880</subfield>
  </datafield>
  <datafield tag="040" ind1=" " ind2=" ">
    <subfield code="a">DLC</subfield>
    <subfield code="b">eng</subfield>
    <subfield code="e">rda</subfield>
    <subfield code="c">DLC</subfield>
    <subfield code="d">DLC</subfield>
    <subfield code="d">NNFr</subfield>
    <subfield code="d">ScU</subfield>
    <subfield code="d">GVaS</subfield>
  </datafield>
  <datafield tag="100" ind1="1" ind2=" ">
    <subfield code="a">Morris, Catherine</subfield>
  </datafield>
  <datafield tag="370" ind1=" " ind2=" ">
    <subfield code="c">United States</subfield>
    <subfield code="f">New York (N.Y.)</subfield>
    <subfield code="f">Tulsa (Okla.)</subfield>
    <subfield code="2">naf</subfield>
  </datafield>
  <datafield tag="372" ind1=" " ind2=" ">
    <subfield code="a">Art museums--Curatorship</subfield>
    <subfield code="a">Valuation</subfield>
    <subfield code="a">Authorship</subfield>
    <subfield code="2">lcsh</subfield>
  </datafield>
  <datafield tag="373" ind1=" " ind2=" ">
    <subfield code="a">Philbrook Museum of Art</subfield>
    <subfield code="2">naf</subfield>
    <subfield code="s">2004</subfield>
    <subfield code="t">2009</subfield>
  </datafield>
  <datafield tag="373" ind1=" " ind2=" ">
    <subfield code="a">Elizabeth A. Sackler Center for Feminist Art</subfield>
    <subfield code="2">naf</subfield>
    <subfield code="s">2009</subfield>
  </datafield>
  <datafield tag="374" ind1=" " ind2=" ">
    <subfield code="a">Art museum curators</subfield>
    <subfield code="a">Authors</subfield>
    <subfield code="a">Appraisers</subfield>
    <subfield code="a">Editors</subfield>
    <subfield code="2">lcsh</subfield>
  </datafield>
  <datafield tag="375" ind1=" " ind2=" ">
    <subfield code="a">Females</subfield>
    <subfield code="2">lcdgt</subfield>
  </datafield>
  <datafield tag="377" ind1=" " ind2=" ">
    <subfield code="a">eng</subfield>
  </datafield>
  <datafield tag="400" ind1="1" ind2=" ">
    <subfield code="a">Morris, Catherine J.</subfield>
  </datafield>
  <datafield tag="510" ind1="2" ind2=" ">
    <subfield code="w">r</subfield>
    <subfield code="i">Employer:</subfield>
    <subfield code="a">Elizabeth A. Sackler Center for Feminist Art</subfield>
  </datafield>
  <datafield tag="670" ind1=" " ind2=" ">
    <subfield code="a">Morris, Catherine. The essential Willem de Kooning, 1999:</subfield>
    <subfield code="b">t.p. (Catherine Morris) jkt. (independent curator, writer, and art appraiser living in N.Y.C.)</subfield>
  </datafield>
  <datafield tag="670" ind1=" " ind2=" ">
    <subfield code="a">McBride, Henry. An eye on the modern century, 2000:</subfield>
    <subfield code="b">CIP t.p. (Catherine J. Morris) book, back flap (from amazon.com: Catherine J. Morris, writer and curator)</subfield>
  </datafield>
  <datafield tag="670" ind1=" " ind2=" ">
    <subfield code="a">We wanted a revolution, 2017:</subfield>
    <subfield code="b">page 14 (Catherine Morris)</subfield>
  </datafield>
  <datafield tag="670" ind1=" " ind2=" ">
    <subfield code="a">Amazon.com, Nov. 28, 2001</subfield>
    <subfield code="b">(Her Claude Monet, 1999 : back flap (Catherine Morris, independent curator, writer, and art appraiser living in New York City))</subfield>
  </datafield>
  <datafield tag="670" ind1=" " ind2=" ">
    <subfield code="a">Brooklyn Museum WWW site, May 13, 2014:</subfield>
    <subfield code="b">about curatorial staff pages (Catherine J. Morris; Sackler Family Curator for the Elizabeth A. Sackler Center for Feminist Art; since 2009 Catherine Morris has curated a number of exhibitions for the Sackler Center; from 2004 until 2009 she was Adjunct Curator of Contemporary Art for the Philbrook Museum of Art in Tulsa Oklahoma)</subfield>
  </datafield>
  <datafield tag="953" ind1=" " ind2=" ">
    <subfield code="a">jh32</subfield>
    <subfield code="b">ta30</subfield>
  </datafield>
</record>