
<record>
  <leader>00558cz  a2200157n  4500</leader>
  <controlfield tag="001">5234946</controlfield>
  <controlfield tag="003">DLC</controlfield>
  <controlfield tag="005">20200103154617.0</controlfield>
  <controlfield tag="008">001108n| azannaabn          |n aaa      </controlfield>
  <datafield tag="010" ind1=" " ind2=" ">
    <subfield code="a">n  00028992 </subfield>
  </datafield>
  <datafield tag="035" ind1=" " ind2=" ">
    <subfield code="a">(Uk)000023184</subfield>
  </datafield>
  <datafield tag="040" ind1=" " ind2=" ">
    <subfield code="a">DLC</subfield>
    <subfield code="b">eng</subfield>
    <subfield code="e">rda</subfield>
    <subfield code="c">DLC</subfield>
    <subfield code="d">Uk</subfield>
    <subfield code="d">DLC</subfield>
  </datafield>
  <datafield tag="100" ind1="1" ind2=" ">
    <subfield code="a">Stahlecker, Adrian</subfield>
  </datafield>
  <datafield tag="670" ind1=" " ind2=" ">
    <subfield code="a">Stahlecker, Adrian. Film en kunst in ballingschap, 1933-1945, 2000:</subfield>
    <subfield code="b">t.p. (Adrian Stahlecker)</subfield>
  </datafield>
  <datafield tag="670" ind1=" " ind2=" ">
    <subfield code="a">Nederlandse acteurs in de Weimarrepubliek en Nazi-Duitsland, 2008:</subfield>
    <subfield code="b">t.p. (Adrian Stahlecker) back cover (born 1937 in The Hague)</subfield>
  </datafield>
  <datafield tag="953" ind1=" " ind2=" ">
    <subfield code="a">lg02</subfield>
  </datafield>
</record>