
<record>
  <leader>01300cz  a2200205n  4500</leader>
  <controlfield tag="001">5252312</controlfield>
  <controlfield tag="003">DLC</controlfield>
  <controlfield tag="005">20200103184402.0</controlfield>
  <controlfield tag="008">001205n| azannaabn          |a aaa      </controlfield>
  <datafield tag="010" ind1=" " ind2=" ">
    <subfield code="a">n  00016575 </subfield>
    <subfield code="z">n  95803234 </subfield>
  </datafield>
  <datafield tag="035" ind1=" " ind2=" ">
    <subfield code="a">(OCoLC)oca05370536</subfield>
  </datafield>
  <datafield tag="040" ind1=" " ind2=" ">
    <subfield code="a">DLC</subfield>
    <subfield code="b">eng</subfield>
    <subfield code="e">rda</subfield>
    <subfield code="c">DLC</subfield>
    <subfield code="d">DNLM</subfield>
    <subfield code="d">OU</subfield>
    <subfield code="d">DNLM</subfield>
    <subfield code="d">DLC</subfield>
  </datafield>
  <datafield tag="046" ind1=" " ind2=" ">
    <subfield code="f">1953-09-11</subfield>
    <subfield code="2">edtf</subfield>
  </datafield>
  <datafield tag="100" ind1="1" ind2=" ">
    <subfield code="a">Di Lorenzo, Marjorie Schaub,</subfield>
    <subfield code="d">1953-</subfield>
  </datafield>
  <datafield tag="400" ind1="1" ind2=" ">
    <subfield code="a">Lorenzo, Marjorie Schaub di,</subfield>
    <subfield code="d">1953-</subfield>
  </datafield>
  <datafield tag="400" ind1="1" ind2=" ">
    <subfield code="w">nne</subfield>
    <subfield code="a">Di Lorenzo, Marjorie A.</subfield>
  </datafield>
  <datafield tag="670" ind1=" " ind2=" ">
    <subfield code="a">Phlebotomy workbook for the multiskilled healthcare professional, c1996:</subfield>
    <subfield code="b">t.p. (Marjorie A. Di Lorenzo, MT(ASCP)SH, assoc. faculty, Medical Assisting Program, Allan Hancock Coll., Santa Maria, CA)</subfield>
  </datafield>
  <datafield tag="670" ind1=" " ind2=" ">
    <subfield code="a">Strasinger, Susan King. Urinalysis and body fluids, 2001:</subfield>
    <subfield code="b">CIP t.p. (Marjorie Schaub Di Lorenzo, adjunct instructor, Div. of Medical Technology, Sch. of Allied Health Professionals, Univ. of Nebraska Medical Center, Omaha, Neb.) data sheet (b. Sept. 11, 1953)</subfield>
  </datafield>
  <datafield tag="670" ind1=" " ind2=" ">
    <subfield code="a">Skills for the patient care technician, c1999:</subfield>
    <subfield code="b">t.p. (Marjorie Schaub D. Lorenzo, adj. instr., Div. of Medical Technology Sch. of Allied Health Prof., Univ. of Nebraska Med. Ctr., Omaha, Neb.; phlebotomy program coordinator, Continuing Ed., Methodist Coll., Omaha, Neb.) p. 1 of cover (Marjorie Schaub Di Lorenzo)</subfield>
  </datafield>
  <datafield tag="953" ind1=" " ind2=" ">
    <subfield code="a">jc16</subfield>
  </datafield>
</record>