
<record>
  <leader>00969cz  a2200193n  4500</leader>
  <controlfield tag="001">5294605</controlfield>
  <controlfield tag="003">DLC</controlfield>
  <controlfield tag="005">20200103073251.0</controlfield>
  <controlfield tag="008">010206n| azannaabn          |a ana      </controlfield>
  <datafield tag="010" ind1=" " ind2=" ">
    <subfield code="a">n 2001126002</subfield>
  </datafield>
  <datafield tag="035" ind1=" " ind2=" ">
    <subfield code="a">(OCoLC)oca05412082</subfield>
  </datafield>
  <datafield tag="040" ind1=" " ind2=" ">
    <subfield code="a">DLC</subfield>
    <subfield code="b">eng</subfield>
    <subfield code="e">rda</subfield>
    <subfield code="c">DLC</subfield>
    <subfield code="d">MiEM</subfield>
  </datafield>
  <datafield tag="110" ind1="2" ind2=" ">
    <subfield code="a">Antonio Vanegas Arroyo (Firm)</subfield>
  </datafield>
  <datafield tag="410" ind1="2" ind2=" ">
    <subfield code="a">A. Vanegas Arroyo (Firm)</subfield>
  </datafield>
  <datafield tag="410" ind1="2" ind2=" ">
    <subfield code="a">Vanegas Arroyo (Firm)</subfield>
  </datafield>
  <datafield tag="670" ind1=" " ind2=" ">
    <subfield code="a">Calaveras del montón, número 1 [graphic] 1910:</subfield>
    <subfield code="b">broadside (Antonio Vanegas Arroyo)</subfield>
  </datafield>
  <datafield tag="670" ind1=" " ind2=" ">
    <subfield code="a">Calaveras de coyotes y meseras [graphic] 1919:</subfield>
    <subfield code="b">broadside (Talleres Gráficos de la Test. de Antonio Vanegas Arroyo)</subfield>
  </datafield>
  <datafield tag="670" ind1=" " ind2=" ">
    <subfield code="a">Posada&apos;s Mexico, 1979:</subfield>
    <subfield code="b">p.32-35, 267 (Vanegas Arroyo, publisher; Imprenta de A. Vanegas Arroyo, fundada en el siglo XIX año de 1880; founded in the 1940s ... Don Blas, son of Don Antonio and by then head of the firm; Posada produced many prints for the publishing firm of Antonio Vanegas Arroyo, founded in 1880)</subfield>
  </datafield>
  <datafield tag="953" ind1=" " ind2=" ">
    <subfield code="a">tmee</subfield>
    <subfield code="b">qw00</subfield>
  </datafield>
</record>