
<record>
  <leader>00949cz  a2200205n  4500</leader>
  <controlfield tag="001">5348174</controlfield>
  <controlfield tag="003">DLC</controlfield>
  <controlfield tag="005">20200103105505.0</controlfield>
  <controlfield tag="008">010412n| azannaabn          |a ana      </controlfield>
  <datafield tag="010" ind1=" " ind2=" ">
    <subfield code="a">n 2001026634</subfield>
  </datafield>
  <datafield tag="040" ind1=" " ind2=" ">
    <subfield code="a">DLC</subfield>
    <subfield code="b">eng</subfield>
    <subfield code="e">rda</subfield>
    <subfield code="c">DLC</subfield>
  </datafield>
  <datafield tag="046" ind1=" " ind2=" ">
    <subfield code="s">1864-05</subfield>
    <subfield code="t">1865</subfield>
    <subfield code="2">edtf</subfield>
  </datafield>
  <datafield tag="110" ind1="2" ind2=" ">
    <subfield code="a">Elmira Prison (Elmira, N.Y.)</subfield>
  </datafield>
  <datafield tag="410" ind1="2" ind2=" ">
    <subfield code="a">Elmira Prison Camp (Elmira, N.Y.)</subfield>
  </datafield>
  <datafield tag="410" ind1="2" ind2=" ">
    <subfield code="a">Elmira Prisoner of War Camp (Elmira, N.Y.)</subfield>
  </datafield>
  <datafield tag="410" ind1="2" ind2=" ">
    <subfield code="a">Elmira POW Camp (Elmira, N.Y.)</subfield>
  </datafield>
  <datafield tag="377" ind1=" " ind2=" ">
    <subfield code="a">eng</subfield>
  </datafield>
  <datafield tag="670" ind1=" " ind2=" ">
    <subfield code="a">The business of captivity in the Chemung Valley, 2001:</subfield>
    <subfield code="b">CIP galley (Elmira Prison; Elmira Prison Camp; prison camp for Confederate soldiers; est. in May 1864)</subfield>
  </datafield>
  <datafield tag="670" ind1=" " ind2=" ">
    <subfield code="a">Hellmira, 2020:</subfield>
    <subfield code="b">CIP t.p. (he Union&apos;s Most Infamous POW Camp of the Civil War) galley (At the prisoner of war camp in Elmira, NY, 2,950 prisoners died; deadliest of the North&apos;s POW camps; Elmira prisoner of war camp; Elmira POW Camp; last prisoners departed in July 1865)</subfield>
  </datafield>
  <datafield tag="953" ind1=" " ind2=" ">
    <subfield code="a">lk29</subfield>
  </datafield>
</record>