
<record>
  <leader>00542cz  a2200157n  4500</leader>
  <controlfield tag="001">5348766</controlfield>
  <controlfield tag="003">DLC</controlfield>
  <controlfield tag="005">20200103073252.0</controlfield>
  <controlfield tag="008">010413n| azannaabn          |n aaa      </controlfield>
  <datafield tag="010" ind1=" " ind2=" ">
    <subfield code="a">n 2001127815</subfield>
  </datafield>
  <datafield tag="035" ind1=" " ind2=" ">
    <subfield code="a">(DNLM)1139005</subfield>
  </datafield>
  <datafield tag="035" ind1=" " ind2=" ">
    <subfield code="a">(OCoLC)oca05464571</subfield>
  </datafield>
  <datafield tag="040" ind1=" " ind2=" ">
    <subfield code="a">DNLM</subfield>
    <subfield code="b">eng</subfield>
    <subfield code="e">rda</subfield>
    <subfield code="c">DNLM</subfield>
    <subfield code="d">DNLM</subfield>
  </datafield>
  <datafield tag="100" ind1="1" ind2=" ">
    <subfield code="a">Bissonnette, Bruno</subfield>
  </datafield>
  <datafield tag="670" ind1=" " ind2=" ">
    <subfield code="a">Pediatric anesthesia, c2002:</subfield>
    <subfield code="b">CIP t.p. (Bruno Bissonnette, MD)</subfield>
  </datafield>
  <datafield tag="670" ind1=" " ind2=" ">
    <subfield code="a">Syndromes, 2019:</subfield>
    <subfield code="b">title page (Bruno Bissonnette, MD; professor of anesthesiology, University of Toronto, Toronto, Ontario, Canada)</subfield>
  </datafield>
</record>