
<record>
  <leader>00928cz  a2200205n  4500</leader>
  <controlfield tag="001">5365563</controlfield>
  <controlfield tag="003">DLC</controlfield>
  <controlfield tag="005">20200103073252.0</controlfield>
  <controlfield tag="008">010501n| azannaabn          |n aaa     c</controlfield>
  <datafield tag="010" ind1=" " ind2=" ">
    <subfield code="a">nr2001016107</subfield>
    <subfield code="z">n  00021572 </subfield>
  </datafield>
  <datafield tag="035" ind1=" " ind2=" ">
    <subfield code="a">(OCoLC)oca05481930</subfield>
  </datafield>
  <datafield tag="040" ind1=" " ind2=" ">
    <subfield code="a">CaQMCCA</subfield>
    <subfield code="b">eng</subfield>
    <subfield code="e">rda</subfield>
    <subfield code="c">CaQMCCA</subfield>
    <subfield code="d">DLC</subfield>
    <subfield code="d">NcU</subfield>
  </datafield>
  <datafield tag="100" ind1="1" ind2=" ">
    <subfield code="a">Busson, Didier</subfield>
  </datafield>
  <datafield tag="370" ind1=" " ind2=" ">
    <subfield code="f">Paris (France)</subfield>
    <subfield code="2">naf</subfield>
  </datafield>
  <datafield tag="374" ind1=" " ind2=" ">
    <subfield code="a">Archaeologists</subfield>
    <subfield code="2">lcdgt</subfield>
  </datafield>
  <datafield tag="377" ind1=" " ind2=" ">
    <subfield code="a">fre</subfield>
  </datafield>
  <datafield tag="670" ind1=" " ind2=" ">
    <subfield code="a">Paris, ville antique, 1996:</subfield>
    <subfield code="b">t.p. (Didier Busson) p. 3 of cover (est chargé de mission pour l&apos;archéologie à la Commission du vieux Paris depuis 1981)</subfield>
  </datafield>
  <datafield tag="670" ind1=" " ind2=" ">
    <subfield code="a">Paris, 1998:</subfield>
    <subfield code="b">t.p. (Didier Busson; chargé de mission pour l&apos;archéologie à la Commission du Vieux Paris)</subfield>
  </datafield>
  <datafield tag="670" ind1=" " ind2=" ">
    <subfield code="a">Atlas du Paris antique, 2019:</subfield>
    <subfield code="b">title page (Didier Busson ; cartographie, Didier Busson et Valérie Charlanne) dust jacket flap (Didier Busson a été archéologue de la Ville de Paris ...)</subfield>
  </datafield>
  <datafield tag="953" ind1=" " ind2=" ">
    <subfield code="b">yz00</subfield>
  </datafield>
</record>