
<record>
  <leader>01330cz  a2200253n  4500</leader>
  <controlfield tag="001">5415648</controlfield>
  <controlfield tag="003">DLC</controlfield>
  <controlfield tag="005">20200103073252.0</controlfield>
  <controlfield tag="008">010710n| azannaabn          |a aaa      </controlfield>
  <datafield tag="010" ind1=" " ind2=" ">
    <subfield code="a">n 2001086698</subfield>
  </datafield>
  <datafield tag="016" ind1=" " ind2=" ">
    <subfield code="a">1032C1532E</subfield>
  </datafield>
  <datafield tag="035" ind1=" " ind2=" ">
    <subfield code="a">(OCoLC)oca05530754</subfield>
  </datafield>
  <datafield tag="040" ind1=" " ind2=" ">
    <subfield code="a">DLC</subfield>
    <subfield code="b">eng</subfield>
    <subfield code="e">rda</subfield>
    <subfield code="c">DLC</subfield>
    <subfield code="d">CaOONL</subfield>
  </datafield>
  <datafield tag="042" ind1=" " ind2=" ">
    <subfield code="a">nlc</subfield>
  </datafield>
  <datafield tag="100" ind1="1" ind2=" ">
    <subfield code="a">Banks, Kevin</subfield>
  </datafield>
  <datafield tag="372" ind1=" " ind2=" ">
    <subfield code="a">Labor laws and legislation--Study and teaching (Higher)</subfield>
    <subfield code="2">lcsh</subfield>
  </datafield>
  <datafield tag="373" ind1=" " ind2=" ">
    <subfield code="a">Queen&apos;s University (Kingston, Ont.). Centre for Law in the Contemporary Workplace</subfield>
    <subfield code="2">naf</subfield>
  </datafield>
  <datafield tag="374" ind1=" " ind2=" ">
    <subfield code="a">Law teachers</subfield>
    <subfield code="2">lcsh</subfield>
  </datafield>
  <datafield tag="377" ind1=" " ind2=" ">
    <subfield code="a">eng</subfield>
  </datafield>
  <datafield tag="510" ind1="2" ind2=" ">
    <subfield code="w">r</subfield>
    <subfield code="i">corporate body:</subfield>
    <subfield code="a">Labour Law Casebook Group</subfield>
    <subfield code="0">(DLC)n  86094206</subfield>
  </datafield>
  <datafield tag="670" ind1=" " ind2=" ">
    <subfield code="a">Labor relations law in North America, c2000:</subfield>
    <subfield code="b">t.p. verso (Kevin Banks, senior labor law advisor)</subfield>
  </datafield>
  <datafield tag="670" ind1=" " ind2=" ">
    <subfield code="a">Labour and employment law, 2018:</subfield>
    <subfield code="b">title page (compiled by a group of teachers of labour and employment law known as the Labour Law Casebook Group) page iii (The labour Law Casebook Group: Kevin Banks, Queen&apos;s University)</subfield>
  </datafield>
  <datafield tag="670" ind1=" " ind2=" ">
    <subfield code="a">Queen&apos;s University website, viewed January 2, 2019:</subfield>
    <subfield code="b">Directory webspage (Kevin Banks; Associate Professor; Director, Centre for Law in the Contemporary Workplace; teaches, researches and writes about international and Canadian labour and employment law)</subfield>
    <subfield code="u">https://law.queensu.ca/directory/kevin-banks</subfield>
  </datafield>
  <datafield tag="953" ind1=" " ind2=" ">
    <subfield code="a">sg98</subfield>
  </datafield>
</record>