
<record>
  <leader>01315cz  a2200289n  4500</leader>
  <controlfield tag="001">5445372</controlfield>
  <controlfield tag="003">DLC</controlfield>
  <controlfield tag="005">20200103073252.0</controlfield>
  <controlfield tag="008">010814n| azannaabn          |n aaa      </controlfield>
  <datafield tag="010" ind1=" " ind2=" ">
    <subfield code="a">n 2001042342</subfield>
  </datafield>
  <datafield tag="016" ind1=" " ind2=" ">
    <subfield code="a">1008E7376E</subfield>
  </datafield>
  <datafield tag="035" ind1=" " ind2=" ">
    <subfield code="a">(OCoLC)oca05559830</subfield>
  </datafield>
  <datafield tag="040" ind1=" " ind2=" ">
    <subfield code="a">DLC</subfield>
    <subfield code="b">eng</subfield>
    <subfield code="e">rda</subfield>
    <subfield code="c">DLC</subfield>
    <subfield code="d">CaOONL</subfield>
  </datafield>
  <datafield tag="042" ind1=" " ind2=" ">
    <subfield code="a">nlc</subfield>
  </datafield>
  <datafield tag="046" ind1=" " ind2=" ">
    <subfield code="f">1958-07-21</subfield>
    <subfield code="2">edtf</subfield>
  </datafield>
  <datafield tag="053" ind1=" " ind2="4">
    <subfield code="a">PS8603.L3156</subfield>
    <subfield code="5">CaOONL</subfield>
  </datafield>
  <datafield tag="100" ind1="1" ind2=" ">
    <subfield code="a">Blair, Louisa</subfield>
  </datafield>
  <datafield tag="370" ind1=" " ind2=" ">
    <subfield code="c">Canada</subfield>
    <subfield code="e">Québec (Québec)</subfield>
    <subfield code="2">naf</subfield>
  </datafield>
  <datafield tag="372" ind1=" " ind2=" ">
    <subfield code="a">Editing</subfield>
    <subfield code="a">Authorship</subfield>
    <subfield code="a">Translating and interpreting</subfield>
    <subfield code="2">lcsh</subfield>
  </datafield>
  <datafield tag="374" ind1=" " ind2=" ">
    <subfield code="a">Editors</subfield>
    <subfield code="a">Authors</subfield>
    <subfield code="a">Translators</subfield>
    <subfield code="2">lcsh</subfield>
  </datafield>
  <datafield tag="377" ind1=" " ind2=" ">
    <subfield code="a">eng</subfield>
    <subfield code="a">fre</subfield>
  </datafield>
  <datafield tag="670" ind1=" " ind2=" ">
    <subfield code="a">Vive Quebec!, 2001:</subfield>
    <subfield code="b">t.p. (Louisa Blair) Can. CIP (hdg.: Blair, Louisa)</subfield>
  </datafield>
  <datafield tag="670" ind1=" " ind2=" ">
    <subfield code="a">887, 2019:</subfield>
    <subfield code="b">CIP title page (translated by Louisa Blair)</subfield>
  </datafield>
  <datafield tag="670" ind1=" " ind2=" ">
    <subfield code="a">LAC internal file, March 15, 2019</subfield>
    <subfield code="b">(heading: Blair, Louisa; born July 21, 1958; Canadian)</subfield>
  </datafield>
  <datafield tag="670" ind1=" " ind2=" ">
    <subfield code="a">LinkedIn, viewed March 15, 2019</subfield>
    <subfield code="b">(Louisa Blair; medical editor, writer, and translator; lives In Quebec, Canada)</subfield>
    <subfield code="u">https://ca.linkedin.com/in/louisa-blair-28935030</subfield>
  </datafield>
  <datafield tag="670" ind1=" " ind2=" ">
    <subfield code="a">Inroads Journal, viewed March 15, 2019</subfield>
    <subfield code="b">(Louisa Blair is a Quebec City writer and translator and a former associate editor of Compass: A Jesuit Journal and columnist for Catholic New Times)</subfield>
    <subfield code="u">http://inroadsjournal.ca/author/louisa-blair/</subfield>
  </datafield>
  <datafield tag="953" ind1=" " ind2=" ">
    <subfield code="a">lh38</subfield>
  </datafield>
</record>