
<record>
  <leader>01857cz  a2200205n  4500</leader>
  <controlfield tag="001">5456401</controlfield>
  <controlfield tag="003">DLC</controlfield>
  <controlfield tag="005">20200103073252.0</controlfield>
  <controlfield tag="008">010827n| azannaabn          |n aaa     c</controlfield>
  <datafield tag="010" ind1=" " ind2=" ">
    <subfield code="a">no2001068352</subfield>
  </datafield>
  <datafield tag="035" ind1=" " ind2=" ">
    <subfield code="a">(OCoLC)oca05569307</subfield>
  </datafield>
  <datafield tag="040" ind1=" " ind2=" ">
    <subfield code="a">NBuU</subfield>
    <subfield code="b">eng</subfield>
    <subfield code="e">rda</subfield>
    <subfield code="c">NBuU</subfield>
    <subfield code="d">OU</subfield>
  </datafield>
  <datafield tag="046" ind1=" " ind2=" ">
    <subfield code="f">1900-06-02</subfield>
    <subfield code="g">1978-05-31</subfield>
    <subfield code="2">edtf</subfield>
  </datafield>
  <datafield tag="100" ind1="1" ind2=" ">
    <subfield code="a">Buchheit, Gert,</subfield>
    <subfield code="d">1900-1978</subfield>
  </datafield>
  <datafield tag="370" ind1=" " ind2=" ">
    <subfield code="a">Sarreguemines (France)</subfield>
    <subfield code="b">Landstuhl (Germany)</subfield>
    <subfield code="c">Germany</subfield>
    <subfield code="2">naf</subfield>
  </datafield>
  <datafield tag="374" ind1=" " ind2=" ">
    <subfield code="a">Historians</subfield>
    <subfield code="a">Authors</subfield>
    <subfield code="2">lcsh</subfield>
  </datafield>
  <datafield tag="375" ind1=" " ind2=" ">
    <subfield code="a">Males</subfield>
    <subfield code="2">lcdgt</subfield>
  </datafield>
  <datafield tag="670" ind1=" " ind2=" ">
    <subfield code="a">Der deutsche Geheimdienst, c1966:</subfield>
    <subfield code="b">t.p. (Gert Buchheit)</subfield>
  </datafield>
  <datafield tag="670" ind1=" " ind2=" ">
    <subfield code="a">OCLC, Aug. 27, 2001</subfield>
    <subfield code="b">(hdg.: Buchheit, Gert, 1900- ; usage: Gert Buchheit)</subfield>
  </datafield>
  <datafield tag="670" ind1=" " ind2=" ">
    <subfield code="a">Wikidata via Wikipedia, January 2, 2020</subfield>
    <subfield code="b">(alias: Gert Buchheit; country of citizenship: Germany; VIAF identifier: 112843097; GND identifier: 1011807912; LCAuth identifier: no2001068352; ISNI (P213): 0000000120859443; instance of: human; award received: Officer&apos;s Cross of the Order of Merit of the Federal Republic of Germany, Officer&apos;s Cross of the Order of Merit of the Federal Republic of Germany, Pfalzpreis für Literatur; date of birth: +1900-06-02T00:00:00Z; date of death: +1978-05-31T00:00:00Z; occupation: historian, writer; given name: Gert; place of birth: Sarreguemines; NTA identifier (Netherlands): 067707262; place of death: Landstuhl; NDL identifier: 00434702; languages spoken or published: German; SUDOC authorities: 080133614; BnF identifier: 130112028; sex or gender: male; CONOR identifier: 64220771; NKC identifier: pna2008456633; PUSC author ID (P5739): 11647; description/label: deutscher Historiker und Schriftsteller, Duits historicus , German historian, historiador alemán, historiador alemany, historian gjerman, historien allemand, istoric german, Saksamaa ajaloolane, staraí Gearmánach, היסטוריון גרמני)</subfield>
    <subfield code="u">http://www.wikidata.org/entity/Q1495019</subfield>
  </datafield>
</record>