
<record>
  <leader>00656cz  a2200193n  4500</leader>
  <controlfield tag="001">5505361</controlfield>
  <controlfield tag="003">DLC</controlfield>
  <controlfield tag="005">20200103073253.0</controlfield>
  <controlfield tag="008">011102n| azannaabn          |n aaa     c</controlfield>
  <datafield tag="010" ind1=" " ind2=" ">
    <subfield code="a">no2001087372</subfield>
  </datafield>
  <datafield tag="035" ind1=" " ind2=" ">
    <subfield code="a">(OCoLC)oca05616860</subfield>
  </datafield>
  <datafield tag="040" ind1=" " ind2=" ">
    <subfield code="a">OOC</subfield>
    <subfield code="b">eng</subfield>
    <subfield code="e">rda</subfield>
    <subfield code="c">OOC</subfield>
    <subfield code="d">DLC</subfield>
    <subfield code="d">PPi-MA</subfield>
  </datafield>
  <datafield tag="046" ind1=" " ind2=" ">
    <subfield code="k">{1947,1954,1958,1959}</subfield>
    <subfield code="2">edtf</subfield>
  </datafield>
  <datafield tag="100" ind1="1" ind2=" ">
    <subfield code="a">Schuman, William,</subfield>
    <subfield code="d">1910-1992.</subfield>
    <subfield code="t">Concertos,</subfield>
    <subfield code="m">violin, orchestra</subfield>
  </datafield>
  <datafield tag="380" ind1=" " ind2=" ">
    <subfield code="a">Concertos</subfield>
    <subfield code="2">lcgft</subfield>
  </datafield>
  <datafield tag="382" ind1="0" ind2=" ">
    <subfield code="b">violin</subfield>
    <subfield code="n">1</subfield>
    <subfield code="a">orchestra</subfield>
    <subfield code="2">lcmpt</subfield>
  </datafield>
  <datafield tag="670" ind1=" " ind2=" ">
    <subfield code="a">Schuman, W. Violin concerto [SR] p2001:</subfield>
    <subfield code="b">label (Violin concerto)</subfield>
  </datafield>
  <datafield tag="670" ind1=" " ind2=" ">
    <subfield code="a">New Grove, 2nd ed. WWW site, Nov. 2, 2001</subfield>
    <subfield code="b">(Vn conc., 1947, rev. 1954, rev. 1958-9)</subfield>
  </datafield>
  <datafield tag="953" ind1=" " ind2=" ">
    <subfield code="b">vl09</subfield>
  </datafield>
</record>