
<record>
  <leader>01600cz  a2200253n  4500</leader>
  <controlfield tag="001">5543947</controlfield>
  <controlfield tag="003">DLC</controlfield>
  <controlfield tag="005">20200103073253.0</controlfield>
  <controlfield tag="008">011227n| azannaabn          |a aaa     c</controlfield>
  <datafield tag="010" ind1=" " ind2=" ">
    <subfield code="a">no2001102368</subfield>
  </datafield>
  <datafield tag="035" ind1=" " ind2=" ">
    <subfield code="a">(OCoLC)oca05656019</subfield>
  </datafield>
  <datafield tag="040" ind1=" " ind2=" ">
    <subfield code="a">TNJ</subfield>
    <subfield code="b">eng</subfield>
    <subfield code="e">rda</subfield>
    <subfield code="c">TNJ</subfield>
    <subfield code="d">OU</subfield>
  </datafield>
  <datafield tag="046" ind1=" " ind2=" ">
    <subfield code="f">1900-05-06</subfield>
    <subfield code="g">1962-01-20</subfield>
    <subfield code="2">edtf</subfield>
  </datafield>
  <datafield tag="100" ind1="1" ind2=" ">
    <subfield code="a">Flasdieck, Hermann M.</subfield>
    <subfield code="q">(Hermann Martin),</subfield>
    <subfield code="d">1900-1962</subfield>
  </datafield>
  <datafield tag="370" ind1=" " ind2=" ">
    <subfield code="a">Elberfeld (Germany)</subfield>
    <subfield code="2">naf</subfield>
  </datafield>
  <datafield tag="374" ind1=" " ind2=" ">
    <subfield code="a">Philologists</subfield>
    <subfield code="a">Authors</subfield>
    <subfield code="2">lcsh</subfield>
  </datafield>
  <datafield tag="375" ind1=" " ind2=" ">
    <subfield code="a">Males</subfield>
    <subfield code="2">lcdgt</subfield>
  </datafield>
  <datafield tag="378" ind1=" " ind2=" ">
    <subfield code="q">Hermann Martin</subfield>
  </datafield>
  <datafield tag="400" ind1="1" ind2=" ">
    <subfield code="w">nnea</subfield>
    <subfield code="a">Flasdieck, Hermann Martin,</subfield>
    <subfield code="d">1900-</subfield>
  </datafield>
  <datafield tag="400" ind1="1" ind2=" ">
    <subfield code="a">Flasdieck, Hermann Martin,</subfield>
    <subfield code="d">1900-1962</subfield>
  </datafield>
  <datafield tag="670" ind1=" " ind2=" ">
    <subfield code="a">Goethe in Elberfeld, 1999:</subfield>
    <subfield code="b">t.p. (Hermann M. Flasdieck)</subfield>
  </datafield>
  <datafield tag="670" ind1=" " ind2=" ">
    <subfield code="a">LC in OCLC, 12/27/2001</subfield>
    <subfield code="b">(Flasdieck, Hermann Martin, 1900- )</subfield>
  </datafield>
  <datafield tag="670" ind1=" " ind2=" ">
    <subfield code="a">German National Library via VIAF, Jan. 2, 2020</subfield>
    <subfield code="b">(identifier: http://d-nb.info/gnd/118691619; GAC: XA-DE; other class #: 12.1p sswd; preferred: Flasdieck, Hermann M. 1900-1962; variant: Flasdieck, Hermann M.; Flasdieck, Hermann Martin; field of activity: Elberfeld, Goethe, Johann Wolfgang von, 1749-1832, Englisch; gender: 1; related: Iser, Wolfgang, 1926-2007, Schabram, Hans, Göttingen, Heidelberg, Heidelberg, Jena, Köln, Leipzig, Elberfeld)</subfield>
    <subfield code="u">http://www.viaf.org/processed/DNB%7C118691619</subfield>
  </datafield>
  <datafield tag="670" ind1=" " ind2=" ">
    <subfield code="a">NUKAT Center of Warsaw University Library via VIAF, Jan. 2, 2020</subfield>
    <subfield code="b">(identifier: 199591113, http://isni.org/isni/0000000063198449, https://www.wikidata.org/wiki/Q55675617; preferred: Flasdieck, Hermann Martin (1900-1962).; variant: Flasdieck, Hermann M.)</subfield>
    <subfield code="u">http://www.viaf.org/processed/NUKAT%7Cn 2013053594</subfield>
  </datafield>
</record>