
<record>
  <leader>00371cz  a2200145n  4500</leader>
  <controlfield tag="001">5547016</controlfield>
  <controlfield tag="003">DLC</controlfield>
  <controlfield tag="005">20200103073253.0</controlfield>
  <controlfield tag="008">020104n| azannaabn          |n aaa      </controlfield>
  <datafield tag="010" ind1=" " ind2=" ">
    <subfield code="a">n 2002066065</subfield>
  </datafield>
  <datafield tag="035" ind1=" " ind2=" ">
    <subfield code="a">(OCoLC)oca05659491</subfield>
  </datafield>
  <datafield tag="040" ind1=" " ind2=" ">
    <subfield code="a">DLC</subfield>
    <subfield code="b">eng</subfield>
    <subfield code="e">rda</subfield>
    <subfield code="c">DLC</subfield>
    <subfield code="d">WaBeWWUM</subfield>
  </datafield>
  <datafield tag="100" ind1="1" ind2=" ">
    <subfield code="a">Shirl, Jimmy</subfield>
  </datafield>
  <datafield tag="670" ind1=" " ind2=" ">
    <subfield code="a">Tobias, Charles. Brumas, 1950:</subfield>
    <subfield code="b">label (Jimmy Shirl)</subfield>
  </datafield>
  <datafield tag="953" ind1=" " ind2=" ">
    <subfield code="a">vk19</subfield>
  </datafield>
</record>