
<record>
  <leader>00994cz  a2200217n  4500</leader>
  <controlfield tag="001">5553222</controlfield>
  <controlfield tag="003">DLC</controlfield>
  <controlfield tag="005">20200103073253.0</controlfield>
  <controlfield tag="008">020110n| azannaabn          |a aaa     c</controlfield>
  <datafield tag="010" ind1=" " ind2=" ">
    <subfield code="a">nr2002001456</subfield>
  </datafield>
  <datafield tag="035" ind1=" " ind2=" ">
    <subfield code="a">(OCoLC)oca05666219</subfield>
  </datafield>
  <datafield tag="040" ind1=" " ind2=" ">
    <subfield code="a">CSt</subfield>
    <subfield code="b">eng</subfield>
    <subfield code="c">CSt</subfield>
    <subfield code="d">CSt</subfield>
    <subfield code="e">rda</subfield>
    <subfield code="d">CtY</subfield>
  </datafield>
  <datafield tag="046" ind1=" " ind2=" ">
    <subfield code="f">1980</subfield>
  </datafield>
  <datafield tag="053" ind1=" " ind2="0">
    <subfield code="a">PQ7519.2.B3</subfield>
  </datafield>
  <datafield tag="100" ind1="1" ind2=" ">
    <subfield code="a">Baldizón, Abelardo,</subfield>
    <subfield code="d">1980-</subfield>
  </datafield>
  <datafield tag="370" ind1=" " ind2=" ">
    <subfield code="a">Berlin (Germany)</subfield>
    <subfield code="2">lcsh</subfield>
  </datafield>
  <datafield tag="400" ind1="1" ind2=" ">
    <subfield code="a">Baldizón Blanco, José Abelardo,</subfield>
    <subfield code="d">1980-</subfield>
  </datafield>
  <datafield tag="400" ind1="1" ind2=" ">
    <subfield code="a">Blanco, José Abelardo Baldizón,</subfield>
    <subfield code="d">1980-</subfield>
  </datafield>
  <datafield tag="670" ind1=" " ind2=" ">
    <subfield code="a">Del matadero, 2000:</subfield>
    <subfield code="b">t.p. (Abelardo Baldizón) t.p. verso (Nicaraguan poet) p. 4 of cover (b. 1980 in Berlin)</subfield>
  </datafield>
  <datafield tag="670" ind1=" " ind2=" ">
    <subfield code="a">Abelardo Baldizón, Jan. 11, 2002</subfield>
    <subfield code="b">(young Nicaraguan poet, part of the 400 Elephants circle)</subfield>
  </datafield>
  <datafield tag="670" ind1=" " ind2=" ">
    <subfield code="a">Conflícto político e ideología en Nicaragua (1821-1933), 2018:</subfield>
    <subfield code="b">title page (José Abelardo Baldizón Blanco; PhD dissertation, Universität Bremen) cover (Abelardo Baldizón) front flap (Abelardo Baldizón, born 1980, Berlin)</subfield>
  </datafield>
</record>