
<record>
  <leader>01101cz  a2200217n  4500</leader>
  <controlfield tag="001">5569779</controlfield>
  <controlfield tag="003">DLC</controlfield>
  <controlfield tag="005">20200103073308.0</controlfield>
  <controlfield tag="008">020131n| azannaabn          |n aaa     c</controlfield>
  <datafield tag="010" ind1=" " ind2=" ">
    <subfield code="a">no2002008227</subfield>
  </datafield>
  <datafield tag="035" ind1=" " ind2=" ">
    <subfield code="a">(OCoLC)oca05679808</subfield>
  </datafield>
  <datafield tag="040" ind1=" " ind2=" ">
    <subfield code="a">NBuU</subfield>
    <subfield code="b">eng</subfield>
    <subfield code="e">rda</subfield>
    <subfield code="c">NBuU</subfield>
    <subfield code="d">OU</subfield>
  </datafield>
  <datafield tag="046" ind1=" " ind2=" ">
    <subfield code="f">1904</subfield>
    <subfield code="g">2008</subfield>
    <subfield code="2">edtf</subfield>
  </datafield>
  <datafield tag="100" ind1="1" ind2=" ">
    <subfield code="a">Berger, Kurt,</subfield>
    <subfield code="d">1904-2008</subfield>
  </datafield>
  <datafield tag="370" ind1=" " ind2=" ">
    <subfield code="a">Aachen (Germany)</subfield>
    <subfield code="2">naf</subfield>
  </datafield>
  <datafield tag="374" ind1=" " ind2=" ">
    <subfield code="a">Literary historians</subfield>
    <subfield code="a">Authors</subfield>
    <subfield code="2">lcsh</subfield>
  </datafield>
  <datafield tag="375" ind1=" " ind2=" ">
    <subfield code="a">Males</subfield>
    <subfield code="2">lcdgt</subfield>
  </datafield>
  <datafield tag="670" ind1=" " ind2=" ">
    <subfield code="a">Die Ausdrücke der unio Mystica im Mittelhochdeutschen, 1967:</subfield>
    <subfield code="b">t.p. (Dr. Kurt Berger)</subfield>
  </datafield>
  <datafield tag="670" ind1=" " ind2=" ">
    <subfield code="a">OCLC, Jan. 31, 2002</subfield>
    <subfield code="b">(hdg.: Berger, Kurt, 1904- ; usage: Kurt Berger)</subfield>
  </datafield>
  <datafield tag="670" ind1=" " ind2=" ">
    <subfield code="a">NUKAT Center of Warsaw University Library via VIAF, Jan. 2, 2020</subfield>
    <subfield code="b">(preferred: Berger, Kurt (1904-2008).)</subfield>
    <subfield code="u">http://www.viaf.org/processed/NUKAT%7Cn 2018045746</subfield>
  </datafield>
  <datafield tag="670" ind1=" " ind2=" ">
    <subfield code="a">German National Library via VIAF, Jan. 2, 2020</subfield>
    <subfield code="b">(identifier: http://d-nb.info/gnd/116131772; GAC: XA-DE; other class #: 12.1p sswd; preferred: Berger, Kurt 1904-2008; gender: 1; variant: Berger, Curt; related: Aachen, Berlin, Marburg)</subfield>
    <subfield code="u">http://www.viaf.org/processed/DNB%7C116131772</subfield>
  </datafield>
</record>