
<record>
  <leader>00619cz  a2200193n  4500</leader>
  <controlfield tag="001">5609413</controlfield>
  <controlfield tag="003">DLC</controlfield>
  <controlfield tag="005">20200103073309.0</controlfield>
  <controlfield tag="008">020313n| azannaabn          |a aaa     c</controlfield>
  <datafield tag="010" ind1=" " ind2=" ">
    <subfield code="a">nr2002010422</subfield>
  </datafield>
  <datafield tag="035" ind1=" " ind2=" ">
    <subfield code="a">(OCoLC)oca05721283</subfield>
  </datafield>
  <datafield tag="040" ind1=" " ind2=" ">
    <subfield code="a">PU</subfield>
    <subfield code="b">eng</subfield>
    <subfield code="c">PU</subfield>
    <subfield code="d">ICU</subfield>
    <subfield code="e">rda</subfield>
    <subfield code="d">CLU</subfield>
  </datafield>
  <datafield tag="100" ind1="1" ind2=" ">
    <subfield code="a">Galsti︠a︡n, A. G.</subfield>
  </datafield>
  <datafield tag="377" ind1=" " ind2=" ">
    <subfield code="a">arm</subfield>
  </datafield>
  <datafield tag="400" ind1="1" ind2=" ">
    <subfield code="a">Галстян, А. Г.</subfield>
  </datafield>
  <datafield tag="400" ind1="1" ind2=" ">
    <subfield code="a">Galstyan, A. G.</subfield>
  </datafield>
  <datafield tag="667" ind1=" " ind2=" ">
    <subfield code="a">Non-Non-Latin script reference not evaluated.</subfield>
  </datafield>
  <datafield tag="670" ind1=" " ind2=" ">
    <subfield code="a">Armi︠a︡nskie istochniki o mongolakh, 1962:</subfield>
    <subfield code="b">t.p. (A.G. Galsti︠a︡na)</subfield>
  </datafield>
  <datafield tag="670" ind1=" " ind2=" ">
    <subfield code="a">Ermeni kaynaklarına göre Moğollar, 2005:</subfield>
    <subfield code="b">t.p. (A.G. Galstyan)</subfield>
  </datafield>
</record>