
<record>
  <leader>00799cz  a2200217n  4500</leader>
  <controlfield tag="001">5626691</controlfield>
  <controlfield tag="003">DLC</controlfield>
  <controlfield tag="005">20200103073309.0</controlfield>
  <controlfield tag="008">020412n| azannaabn          |a aaa     c</controlfield>
  <datafield tag="010" ind1=" " ind2=" ">
    <subfield code="a">no2002031244</subfield>
  </datafield>
  <datafield tag="016" ind1=" " ind2=" ">
    <subfield code="a">0054E0841E</subfield>
  </datafield>
  <datafield tag="035" ind1=" " ind2=" ">
    <subfield code="a">(OCoLC)oca05736049</subfield>
  </datafield>
  <datafield tag="040" ind1=" " ind2=" ">
    <subfield code="a">OrPS</subfield>
    <subfield code="b">eng</subfield>
    <subfield code="e">rda</subfield>
    <subfield code="c">OrPS</subfield>
    <subfield code="d">CaOONL</subfield>
  </datafield>
  <datafield tag="042" ind1=" " ind2=" ">
    <subfield code="a">nlc</subfield>
  </datafield>
  <datafield tag="046" ind1=" " ind2=" ">
    <subfield code="f">1961</subfield>
    <subfield code="2">edtf</subfield>
  </datafield>
  <datafield tag="100" ind1="1" ind2=" ">
    <subfield code="a">Bricker, Darrell Jay,</subfield>
    <subfield code="d">1961-</subfield>
  </datafield>
  <datafield tag="377" ind1=" " ind2=" ">
    <subfield code="a">eng</subfield>
  </datafield>
  <datafield tag="400" ind1="1" ind2=" ">
    <subfield code="a">Bricker, Darrell,</subfield>
    <subfield code="d">1961-</subfield>
  </datafield>
  <datafield tag="670" ind1=" " ind2=" ">
    <subfield code="a">Searching for certainty, c2001:</subfield>
    <subfield code="b">t.p. (Darrell Bricker) jkt. (President and COO (Public Affairs) of Ipsos-Reid; holds a Ph.D. in political science from Carleton University)</subfield>
  </datafield>
  <datafield tag="670" ind1=" " ind2=" ">
    <subfield code="a">OCLC, Mar. 15, 2002</subfield>
    <subfield code="b">(hdg. on NLC bib: Bricker, Darrell Jay, 1961- )</subfield>
  </datafield>
  <datafield tag="670" ind1=" " ind2=" ">
    <subfield code="a">LAC internal file, January 2, 2020</subfield>
    <subfield code="b">(access point: Bricker, Darrell, 1961-)</subfield>
  </datafield>
</record>