
<record>
  <leader>01021cz  a2200265n  4500</leader>
  <controlfield tag="001">5642475</controlfield>
  <controlfield tag="003">DLC</controlfield>
  <controlfield tag="005">20200103073309.0</controlfield>
  <controlfield tag="008">020502n| azannaabn          |a aaa      </controlfield>
  <datafield tag="010" ind1=" " ind2=" ">
    <subfield code="a">n 2002057871</subfield>
  </datafield>
  <datafield tag="035" ind1=" " ind2=" ">
    <subfield code="a">(Uk)003853759</subfield>
  </datafield>
  <datafield tag="035" ind1=" " ind2=" ">
    <subfield code="a">(OCoLC)oca05753661</subfield>
  </datafield>
  <datafield tag="040" ind1=" " ind2=" ">
    <subfield code="a">DLC</subfield>
    <subfield code="b">eng</subfield>
    <subfield code="e">rda</subfield>
    <subfield code="c">DLC</subfield>
    <subfield code="d">Uk</subfield>
    <subfield code="d">CLU</subfield>
  </datafield>
  <datafield tag="046" ind1=" " ind2=" ">
    <subfield code="f">18451225</subfield>
    <subfield code="g">19190302</subfield>
    <subfield code="2">edtf</subfield>
  </datafield>
  <datafield tag="100" ind1="1" ind2=" ">
    <subfield code="a">Tʻireakʻean, Harutʻiwn,</subfield>
    <subfield code="d">1845-1919</subfield>
  </datafield>
  <datafield tag="375" ind1=" " ind2=" ">
    <subfield code="a">males</subfield>
    <subfield code="2">lcdgt</subfield>
  </datafield>
  <datafield tag="377" ind1=" " ind2=" ">
    <subfield code="a">arm</subfield>
  </datafield>
  <datafield tag="400" ind1="1" ind2=" ">
    <subfield code="a">Tʻiryakʻyan, Harutʻyun,</subfield>
    <subfield code="d">1845-1919</subfield>
  </datafield>
  <datafield tag="400" ind1="1" ind2=" ">
    <subfield code="a">Tʻireakʻian, Harutʻiwn,</subfield>
    <subfield code="d">1845-1919</subfield>
  </datafield>
  <datafield tag="400" ind1="1" ind2=" ">
    <subfield code="a">Tʻireakʻian, Yarutʻiwn,</subfield>
    <subfield code="d">1845-1919</subfield>
  </datafield>
  <datafield tag="667" ind1=" " ind2=" ">
    <subfield code="a">Not the same as:Tʻirakʻean, Galust, b. 1845, nb2006003880</subfield>
  </datafield>
  <datafield tag="670" ind1=" " ind2=" ">
    <subfield code="a">Tʻireakʻean, Harutʻiwn. Haykakan taghachʻapʻutʻiwn, 1916:</subfield>
    <subfield code="b">t.p. (Harutʻiwn Tʻireakʻean)</subfield>
  </datafield>
  <datafield tag="670" ind1=" " ind2=" ">
    <subfield code="a">Haykakan sovetakan hanragitaran, 1974:</subfield>
    <subfield code="b">vol. 4, p. 189 (Harutʻyun Tʻiryakʻyan: b. Dec. 25, 1845, Tʻalas; d. Mar. 2, 1919, New York, N.Y.)</subfield>
  </datafield>
  <datafield tag="670" ind1=" " ind2=" ">
    <subfield code="a">BL S&amp;C, 14 Feb. 2006</subfield>
    <subfield code="b">(Yarutʻiwn Tʻireakʻian)</subfield>
  </datafield>
  <datafield tag="953" ind1=" " ind2=" ">
    <subfield code="a">yj32</subfield>
  </datafield>
</record>