
<record>
  <leader>01176cz  a2200265n  4500</leader>
  <controlfield tag="001">5686219</controlfield>
  <controlfield tag="003">DLC</controlfield>
  <controlfield tag="005">20200103073309.0</controlfield>
  <controlfield tag="008">020625n| azannaabn          |b aaa     c</controlfield>
  <datafield tag="010" ind1=" " ind2=" ">
    <subfield code="a">no2002055150</subfield>
  </datafield>
  <datafield tag="035" ind1=" " ind2=" ">
    <subfield code="a">(OCoLC)oca05795186</subfield>
  </datafield>
  <datafield tag="040" ind1=" " ind2=" ">
    <subfield code="a">HkUST</subfield>
    <subfield code="b">eng</subfield>
    <subfield code="e">rda</subfield>
    <subfield code="c">HkUST</subfield>
    <subfield code="d">OCoLC</subfield>
    <subfield code="d">HkUST</subfield>
    <subfield code="d">DLC</subfield>
    <subfield code="d">MH</subfield>
  </datafield>
  <datafield tag="046" ind1=" " ind2=" ">
    <subfield code="s">1289</subfield>
    <subfield code="t">1293</subfield>
  </datafield>
  <datafield tag="100" ind1="1" ind2=" ">
    <subfield code="a">Wang, Yi,</subfield>
    <subfield code="d">active 1289-1293</subfield>
  </datafield>
  <datafield tag="400" ind1="1" ind2=" ">
    <subfield code="a">Wang, Bojing,</subfield>
    <subfield code="d">active 1289-1293</subfield>
  </datafield>
  <datafield tag="400" ind1="1" ind2=" ">
    <subfield code="a">Wang, Doushan,</subfield>
    <subfield code="d">active 1289-1293</subfield>
  </datafield>
  <datafield tag="400" ind1="1" ind2=" ">
    <subfield code="w">nnea</subfield>
    <subfield code="a">Wang, Yi,</subfield>
    <subfield code="d">fl. 1289-1293</subfield>
  </datafield>
  <datafield tag="400" ind1="1" ind2=" ">
    <subfield code="a">王奕,</subfield>
    <subfield code="d">active 1289-1293</subfield>
  </datafield>
  <datafield tag="400" ind1="1" ind2=" ">
    <subfield code="a">王伯敬,</subfield>
    <subfield code="d">active 1289-1293</subfield>
  </datafield>
  <datafield tag="400" ind1="1" ind2=" ">
    <subfield code="a">王斗山,</subfield>
    <subfield code="d">active 1289-1293</subfield>
  </datafield>
  <datafield tag="667" ind1=" " ind2=" ">
    <subfield code="a">Machine-derived non-Latin script reference project.</subfield>
  </datafield>
  <datafield tag="667" ind1=" " ind2=" ">
    <subfield code="a">Non-Latin script references not evaluated.</subfield>
  </datafield>
  <datafield tag="667" ind1=" " ind2=" ">
    <subfield code="a">Non-Latin script references reviewed in NACO CJK Funnel References Project.</subfield>
  </datafield>
  <datafield tag="670" ind1=" " ind2=" ">
    <subfield code="a">Yu dou shan ren ji [in Si ku quan shu, v. 1195], 1987:</subfield>
    <subfield code="b">t.p. (王奕 = Wang Yi) abstract (works recorded activities in zhi yuan 26 nian [i.e. 1289] and 30 nian [i.e. 1293])</subfield>
  </datafield>
  <datafield tag="670" ind1=" " ind2=" ">
    <subfield code="a">Yuan ren zhuan ji zi liao suo yin, 1987:</subfield>
    <subfield code="b">v. 1, p. 93 (王奕 = Wang Yi; zi: 伯敬 = Bojing; hao: 斗山 = Doushan; native of Yushan)</subfield>
  </datafield>
</record>