
<record>
  <leader>01112cz  a2200205n  4500</leader>
  <controlfield tag="001">5693011</controlfield>
  <controlfield tag="003">DLC</controlfield>
  <controlfield tag="005">20200103073313.0</controlfield>
  <controlfield tag="008">020703n| azannaabn          |n aaa     c</controlfield>
  <datafield tag="010" ind1=" " ind2=" ">
    <subfield code="a">no2002057963</subfield>
  </datafield>
  <datafield tag="035" ind1=" " ind2=" ">
    <subfield code="a">(OCoLC)oca05801567</subfield>
  </datafield>
  <datafield tag="040" ind1=" " ind2=" ">
    <subfield code="a">IEN</subfield>
    <subfield code="b">eng</subfield>
    <subfield code="e">rda</subfield>
    <subfield code="c">IEN</subfield>
    <subfield code="d">IEN</subfield>
    <subfield code="d">NcU</subfield>
  </datafield>
  <datafield tag="046" ind1=" " ind2=" ">
    <subfield code="f">1957</subfield>
    <subfield code="2">edtf</subfield>
  </datafield>
  <datafield tag="100" ind1="1" ind2=" ">
    <subfield code="a">Barthes, Raymond</subfield>
  </datafield>
  <datafield tag="370" ind1=" " ind2=" ">
    <subfield code="a">Madagascar</subfield>
    <subfield code="2">naf</subfield>
  </datafield>
  <datafield tag="370" ind1=" " ind2=" ">
    <subfield code="e">Réunion</subfield>
    <subfield code="s">1980</subfield>
    <subfield code="2">naf</subfield>
  </datafield>
  <datafield tag="374" ind1=" " ind2=" ">
    <subfield code="a">Photographers</subfield>
    <subfield code="2">lcdgt</subfield>
  </datafield>
  <datafield tag="670" ind1=" " ind2=" ">
    <subfield code="a">L&apos;art du jardin créole, c2002:</subfield>
    <subfield code="b">t.p. (Raymond Barthes)</subfield>
  </datafield>
  <datafield tag="670" ind1=" " ind2=" ">
    <subfield code="a">Le Lazaret de la Grande Chaloupe, 2008:</subfield>
    <subfield code="b">first unnumbered p. (Raymond Barthes, b. 1957 in Antananarivo, Madagascar, lives in La Réunion since 1980; began photography while studying at Beaux-Arts, Toulouse; has done drawing, photography and film for about 15 years; received Grand prix Noir &amp; Blanc Ilford in 1992 and 1993)</subfield>
  </datafield>
  <datafield tag="670" ind1=" " ind2=" ">
    <subfield code="a">Fontaine, O. Défendre une île, 2015:</subfield>
    <subfield code="b">title page (illustrations Raymond Barthes) page 4 of cover (Raymond Barthes, photographe né à ̀Madagascar, est passionné par tout ce qui touche à l&apos;image et à l&apos;histoire de La Réunion et de son île natale)</subfield>
  </datafield>
</record>