
<record>
  <leader>00681cz  a2200229n  4500</leader>
  <controlfield tag="001">5701676</controlfield>
  <controlfield tag="003">DLC</controlfield>
  <controlfield tag="005">20200103073313.0</controlfield>
  <controlfield tag="008">020715n| azannaabn          |n aaa      </controlfield>
  <datafield tag="010" ind1=" " ind2=" ">
    <subfield code="a">n 2002036488</subfield>
  </datafield>
  <datafield tag="016" ind1=" " ind2=" ">
    <subfield code="a">1009G6543E</subfield>
  </datafield>
  <datafield tag="035" ind1=" " ind2=" ">
    <subfield code="a">(OCoLC)oca05812489</subfield>
  </datafield>
  <datafield tag="040" ind1=" " ind2=" ">
    <subfield code="a">DLC</subfield>
    <subfield code="b">eng</subfield>
    <subfield code="e">rda</subfield>
    <subfield code="c">DLC</subfield>
    <subfield code="d">CaOONL</subfield>
  </datafield>
  <datafield tag="042" ind1=" " ind2=" ">
    <subfield code="a">nlc</subfield>
  </datafield>
  <datafield tag="100" ind1="1" ind2=" ">
    <subfield code="a">Roy, Marina</subfield>
  </datafield>
  <datafield tag="368" ind1=" " ind2=" ">
    <subfield code="c">Canadians</subfield>
    <subfield code="2">lcdgt</subfield>
  </datafield>
  <datafield tag="370" ind1=" " ind2=" ">
    <subfield code="e">Vancouver (B.C.)</subfield>
    <subfield code="2">naf</subfield>
  </datafield>
  <datafield tag="372" ind1=" " ind2=" ">
    <subfield code="a">Art</subfield>
    <subfield code="2">lcsh</subfield>
  </datafield>
  <datafield tag="374" ind1=" " ind2=" ">
    <subfield code="a">Artists</subfield>
    <subfield code="2">lcsh</subfield>
  </datafield>
  <datafield tag="670" ind1=" " ind2=" ">
    <subfield code="a">Roy, M., Sign after the x, c2001:</subfield>
    <subfield code="b">t.p. (Marina Roy) t.p. verso (Can. CIP hdg.: Roy, Marina)</subfield>
  </datafield>
  <datafield tag="670" ind1=" " ind2=" ">
    <subfield code="a">LAC internal file, January 2, 2020</subfield>
    <subfield code="b">(Canadian; Vancouver based artist and writer)</subfield>
  </datafield>
  <datafield tag="953" ind1=" " ind2=" ">
    <subfield code="a">lk50</subfield>
  </datafield>
</record>