
<record>
  <leader>01094cz  a2200217n  4500</leader>
  <controlfield tag="001">5716540</controlfield>
  <controlfield tag="003">DLC</controlfield>
  <controlfield tag="005">20200103113436.0</controlfield>
  <controlfield tag="008">020730n| acannaabn          |a ana     c</controlfield>
  <datafield tag="010" ind1=" " ind2=" ">
    <subfield code="a">no2002068117</subfield>
  </datafield>
  <datafield tag="035" ind1=" " ind2=" ">
    <subfield code="a">(OCoLC)oca05824576</subfield>
  </datafield>
  <datafield tag="040" ind1=" " ind2=" ">
    <subfield code="a">CU-S</subfield>
    <subfield code="b">eng</subfield>
    <subfield code="c">CU-S</subfield>
    <subfield code="d">DLC</subfield>
  </datafield>
  <datafield tag="110" ind1="2" ind2=" ">
    <subfield code="a">Asia-Pacific Center for Security Studies</subfield>
  </datafield>
  <datafield tag="410" ind1="2" ind2=" ">
    <subfield code="a">Asia-Pacific Center</subfield>
  </datafield>
  <datafield tag="410" ind1="2" ind2=" ">
    <subfield code="a">APCSS</subfield>
  </datafield>
  <datafield tag="410" ind1="2" ind2=" ">
    <subfield code="a">Asia-Pacific Centre for Security Studies</subfield>
  </datafield>
  <datafield tag="510" ind1="2" ind2=" ">
    <subfield code="w">b</subfield>
    <subfield code="a">Daniel K. Inouye Asia-Pacific Center for Security Studies</subfield>
  </datafield>
  <datafield tag="670" ind1=" " ind2=" ">
    <subfield code="a">Asia-Pacific security in a time of economic recovery, 1999:</subfield>
    <subfield code="b">cover (Asia-Pacific Center for Security Studies; Asia Pacific Center; APCSS)</subfield>
  </datafield>
  <datafield tag="670" ind1=" " ind2=" ">
    <subfield code="a">Democracy, governance, and security reforms, 2008:</subfield>
    <subfield code="b">p. 7 (Asia-Pacific Centre for Security Studies)</subfield>
  </datafield>
  <datafield tag="670" ind1=" " ind2=" ">
    <subfield code="a">Daniel K. Inouye Asia-Pacific Center for Security Studies website, viewed January 3, 2020:</subfield>
    <subfield code="b">FAQ(Asia-Pacific Center for Security Studies was established September 4, 1995. It was renamed the Daniel K. Inouye Asia-Pacific Center for Security Studies in 2015)</subfield>
    <subfield code="u">(https://apcss.org/about-2/faqs/)</subfield>
  </datafield>
  <datafield tag="953" ind1=" " ind2=" ">
    <subfield code="b">wd39</subfield>
  </datafield>
</record>