
<record>
  <leader>00696cz  a2200205n  4500</leader>
  <controlfield tag="001">5838835</controlfield>
  <controlfield tag="003">DLC</controlfield>
  <controlfield tag="005">20200103073319.0</controlfield>
  <controlfield tag="008">030107n| azannaabn          |n aaa     c</controlfield>
  <datafield tag="010" ind1=" " ind2=" ">
    <subfield code="a">no2003001678</subfield>
  </datafield>
  <datafield tag="035" ind1=" " ind2=" ">
    <subfield code="a">(OCoLC)oca05944716</subfield>
  </datafield>
  <datafield tag="040" ind1=" " ind2=" ">
    <subfield code="a">CLU</subfield>
    <subfield code="b">eng</subfield>
    <subfield code="e">rda</subfield>
    <subfield code="c">CLU</subfield>
    <subfield code="d">NN</subfield>
  </datafield>
  <datafield tag="100" ind1="1" ind2=" ">
    <subfield code="a">Nourault, Gilles</subfield>
  </datafield>
  <datafield tag="370" ind1=" " ind2=" ">
    <subfield code="c">France</subfield>
    <subfield code="2">naf</subfield>
  </datafield>
  <datafield tag="374" ind1=" " ind2=" ">
    <subfield code="a">Authors</subfield>
    <subfield code="2">lcsh</subfield>
  </datafield>
  <datafield tag="375" ind1=" " ind2=" ">
    <subfield code="a">Males</subfield>
    <subfield code="2">lcdgt</subfield>
  </datafield>
  <datafield tag="377" ind1=" " ind2=" ">
    <subfield code="a">fre</subfield>
  </datafield>
  <datafield tag="670" ind1=" " ind2=" ">
    <subfield code="a">La Côte d&apos;Ivoire en images, [between 1995-1999?]:</subfield>
    <subfield code="b">t.p. (Gilles Nourault)</subfield>
  </datafield>
  <datafield tag="670" ind1=" " ind2=" ">
    <subfield code="a">LC in OCLC, Jan. 7, 2003</subfield>
    <subfield code="b">(hdg.: Nourault, Gilles)</subfield>
  </datafield>
  <datafield tag="670" ind1=" " ind2=" ">
    <subfield code="a">Bibliothèque nationale de France WWW auth. file, Jan. 2, 2020</subfield>
    <subfield code="b">(hdg.: Nourault, Gilles ; nat.: France ; author of touristic guides)</subfield>
  </datafield>
</record>