
<record>
  <leader>01312cz  a2200265n  4500</leader>
  <controlfield tag="001">5867616</controlfield>
  <controlfield tag="003">DLC</controlfield>
  <controlfield tag="005">20200103073319.0</controlfield>
  <controlfield tag="008">030213n| azannaabn          |a aaa      </controlfield>
  <datafield tag="010" ind1=" " ind2=" ">
    <subfield code="a">n 2003095632</subfield>
  </datafield>
  <datafield tag="016" ind1=" " ind2=" ">
    <subfield code="a">1000L5803E</subfield>
  </datafield>
  <datafield tag="035" ind1=" " ind2=" ">
    <subfield code="a">(OCoLC)oca05975300</subfield>
  </datafield>
  <datafield tag="040" ind1=" " ind2=" ">
    <subfield code="a">DLC</subfield>
    <subfield code="b">eng</subfield>
    <subfield code="e">rda</subfield>
    <subfield code="c">DLC</subfield>
    <subfield code="d">CaOONL</subfield>
  </datafield>
  <datafield tag="042" ind1=" " ind2=" ">
    <subfield code="a">nlc</subfield>
  </datafield>
  <datafield tag="100" ind1="1" ind2=" ">
    <subfield code="a">Bernstein, Stéphanie</subfield>
  </datafield>
  <datafield tag="370" ind1=" " ind2=" ">
    <subfield code="f">Montréal (Québec)</subfield>
    <subfield code="2">naf</subfield>
  </datafield>
  <datafield tag="372" ind1=" " ind2=" ">
    <subfield code="a">Law--Study and teaching (Higher)</subfield>
    <subfield code="2">lcsh</subfield>
  </datafield>
  <datafield tag="373" ind1=" " ind2=" ">
    <subfield code="a">Université du Québec à Montréal. Département des sciences juridiques</subfield>
    <subfield code="2">naf</subfield>
  </datafield>
  <datafield tag="374" ind1=" " ind2=" ">
    <subfield code="a">Law teachers</subfield>
    <subfield code="2">lcsh</subfield>
  </datafield>
  <datafield tag="377" ind1=" " ind2=" ">
    <subfield code="a">fre</subfield>
  </datafield>
  <datafield tag="510" ind1="2" ind2=" ">
    <subfield code="w">r</subfield>
    <subfield code="i">corporate body:</subfield>
    <subfield code="a">Labour Law Casebook Group</subfield>
    <subfield code="0">(DLC)n  86094206</subfield>
  </datafield>
  <datafield tag="670" ind1=" " ind2=" ">
    <subfield code="a">Bernstein, Stéphanie. Women and homework, 2001:</subfield>
    <subfield code="b">t.p. (Stéphanie Bernstein, Univ. du Québec à Montréal)</subfield>
  </datafield>
  <datafield tag="670" ind1=" " ind2=" ">
    <subfield code="a">Labour and employment law, 2018:</subfield>
    <subfield code="b">title page (compiled by a group of teachers of labour and employment law known as the Labour Law Casebook Group) page iii (The labour Law Casebook Group: Stephanie Bernstein, Université du Québec à Montréal)</subfield>
  </datafield>
  <datafield tag="670" ind1=" " ind2=" ">
    <subfield code="a">Université du Québec à Montréal website, viewed January 2, 2020:</subfield>
    <subfield code="b">(Stéphanie Bernstein; professor, Département des sciences juridiques)</subfield>
    <subfield code="u">https://professeurs.uqam.ca/professeur/bernstein.stephanie/</subfield>
  </datafield>
  <datafield tag="953" ind1=" " ind2=" ">
    <subfield code="a">sg20</subfield>
  </datafield>
</record>