
<record>
  <leader>00582cz  a2200169n  4500</leader>
  <controlfield tag="001">5925519</controlfield>
  <controlfield tag="003">DLC</controlfield>
  <controlfield tag="005">20200103073320.0</controlfield>
  <controlfield tag="008">030422n| azannaabn          |n aaa      </controlfield>
  <datafield tag="010" ind1=" " ind2=" ">
    <subfield code="a">n 2003008602</subfield>
  </datafield>
  <datafield tag="035" ind1=" " ind2=" ">
    <subfield code="a">(OCoLC)oca06032228</subfield>
  </datafield>
  <datafield tag="040" ind1=" " ind2=" ">
    <subfield code="a">DLC</subfield>
    <subfield code="b">eng</subfield>
    <subfield code="e">rda</subfield>
    <subfield code="c">DLC</subfield>
    <subfield code="d">DNLM</subfield>
  </datafield>
  <datafield tag="100" ind1="1" ind2=" ">
    <subfield code="a">Bridges, Lillian</subfield>
  </datafield>
  <datafield tag="378" ind1=" " ind2=" ">
    <subfield code="q">Lillian Pearl</subfield>
  </datafield>
  <datafield tag="670" ind1=" " ind2=" ">
    <subfield code="a">Bridges, Lillian. Face reading in Chinese medicine, 2003:</subfield>
    <subfield code="b">CIP t.p. (Lillian Bridges)</subfield>
  </datafield>
  <datafield tag="670" ind1=" " ind2=" ">
    <subfield code="a">Nourishing life the Yang Sheng way, 2019:</subfield>
    <subfield code="b">t.p. (Lillian Bridges) p. 7 (Lillian Pearl Bridges, President of Lotus Institute, Inc.)</subfield>
  </datafield>
  <datafield tag="953" ind1=" " ind2=" ">
    <subfield code="a">jc09</subfield>
  </datafield>
</record>