
<record>
  <leader>01261cz  a2200289n  4500</leader>
  <controlfield tag="001">5941131</controlfield>
  <controlfield tag="003">DLC</controlfield>
  <controlfield tag="005">20200103073320.0</controlfield>
  <controlfield tag="008">030508n| azannaabn          |b aaa     c</controlfield>
  <datafield tag="010" ind1=" " ind2=" ">
    <subfield code="a">no2003046209</subfield>
  </datafield>
  <datafield tag="035" ind1=" " ind2=" ">
    <subfield code="a">(OCoLC)oca06045066</subfield>
  </datafield>
  <datafield tag="040" ind1=" " ind2=" ">
    <subfield code="a">HkUST</subfield>
    <subfield code="b">eng</subfield>
    <subfield code="e">rda</subfield>
    <subfield code="c">HkUST</subfield>
    <subfield code="d">OCoLC</subfield>
    <subfield code="d">HkUST</subfield>
    <subfield code="d">DLC</subfield>
    <subfield code="d">MH</subfield>
  </datafield>
  <datafield tag="046" ind1=" " ind2=" ">
    <subfield code="g">1374</subfield>
  </datafield>
  <datafield tag="100" ind1="1" ind2=" ">
    <subfield code="a">Wang, Yi,</subfield>
    <subfield code="d">-1374</subfield>
  </datafield>
  <datafield tag="400" ind1="1" ind2=" ">
    <subfield code="a">Wang, Changzong,</subfield>
    <subfield code="d">-1374</subfield>
  </datafield>
  <datafield tag="400" ind1="0" ind2=" ">
    <subfield code="a">Guiweizi,</subfield>
    <subfield code="d">-1374</subfield>
  </datafield>
  <datafield tag="400" ind1="1" ind2=" ">
    <subfield code="w">nnea</subfield>
    <subfield code="a">Wang, Yi,</subfield>
    <subfield code="d">d. 1374</subfield>
  </datafield>
  <datafield tag="400" ind1="1" ind2=" ">
    <subfield code="a">王彝,</subfield>
    <subfield code="d">-1374</subfield>
  </datafield>
  <datafield tag="400" ind1="1" ind2=" ">
    <subfield code="a">王常宗,</subfield>
    <subfield code="d">-1374</subfield>
  </datafield>
  <datafield tag="400" ind1="0" ind2=" ">
    <subfield code="a">媯[wei]子,</subfield>
    <subfield code="d">-1374</subfield>
  </datafield>
  <datafield tag="667" ind1=" " ind2=" ">
    <subfield code="a">Machine-derived non-Latin script reference project.</subfield>
  </datafield>
  <datafield tag="667" ind1=" " ind2=" ">
    <subfield code="a">Non-Latin script references not evaluated.</subfield>
  </datafield>
  <datafield tag="667" ind1=" " ind2=" ">
    <subfield code="a">Non-Latin script references reviewed in NACO CJK Funnel References Project.</subfield>
  </datafield>
  <datafield tag="667" ind1=" " ind2=" ">
    <subfield code="a">Not same as: Wang, Yi, 1323-1374, n81102513</subfield>
  </datafield>
  <datafield tag="670" ind1=" " ind2=" ">
    <subfield code="a">Wang Changzong ji [in Si ku quan shu, v. 1229], 1987:</subfield>
    <subfield code="b">t.p. (王彝 = Wang Yi, of Ming dyn.)</subfield>
  </datafield>
  <datafield tag="670" ind1=" " ind2=" ">
    <subfield code="a">Ming Qing Jiangsu wen ren nian biao, 1986:</subfield>
    <subfield code="b">p. 5 (王彝 (常宗) = Wang Yi (Changzong) of Jiading; worked on Yuan shi in 1370) p. 15 (killed in 1374)</subfield>
  </datafield>
  <datafield tag="670" ind1=" " ind2=" ">
    <subfield code="a">Zhongguo li dai ren ming da ci dian, 1999:</subfield>
    <subfield code="b">p. 158 (zi: 常宗 = Changzong; hao: 妫[wei]子 = Guiweizi; wrote San jin zhai gao and Wang Changzong ji)</subfield>
  </datafield>
</record>