
<record>
  <leader>00614cz  a2200145n  4500</leader>
  <controlfield tag="001">5980739</controlfield>
  <controlfield tag="003">DLC</controlfield>
  <controlfield tag="005">20200103094850.0</controlfield>
  <controlfield tag="008">030625n| acannaabn          |n aaa      </controlfield>
  <datafield tag="010" ind1=" " ind2=" ">
    <subfield code="a">n 2003108805</subfield>
  </datafield>
  <datafield tag="040" ind1=" " ind2=" ">
    <subfield code="a">DLC</subfield>
    <subfield code="b">eng</subfield>
    <subfield code="c">DLC</subfield>
    <subfield code="d">DLC</subfield>
  </datafield>
  <datafield tag="100" ind1="1" ind2=" ">
    <subfield code="a">Gay, Martine</subfield>
  </datafield>
  <datafield tag="670" ind1=" " ind2=" ">
    <subfield code="a">Gay, Martine. La liberté d&apos;être au féminin, c2002:</subfield>
    <subfield code="b">t.p. (Martine Gay) p. 4 of cover (diplômée en psychomotricité et sophorologie, spécialisée dans la gestion du stress)</subfield>
  </datafield>
  <datafield tag="670" ind1=" " ind2=" ">
    <subfield code="a">Valérie André, 2019:</subfield>
    <subfield code="b">title page (Martine Gay) cover page 4 (pilot and writer ... has written in the areas of health and aeronautics)</subfield>
  </datafield>
  <datafield tag="953" ind1=" " ind2=" ">
    <subfield code="a">sb11</subfield>
  </datafield>
</record>