
<record>
  <leader>01164cz  a2200181n  4500</leader>
  <controlfield tag="001">6055245</controlfield>
  <controlfield tag="003">DLC</controlfield>
  <controlfield tag="005">20200103073144.0</controlfield>
  <controlfield tag="008">030918n| azannaabn          |b ana     c</controlfield>
  <datafield tag="010" ind1=" " ind2=" ">
    <subfield code="a">no2003093835</subfield>
  </datafield>
  <datafield tag="035" ind1=" " ind2=" ">
    <subfield code="a">(OCoLC)oca06156469</subfield>
  </datafield>
  <datafield tag="040" ind1=" " ind2=" ">
    <subfield code="a">WaU</subfield>
    <subfield code="b">eng</subfield>
    <subfield code="e">rda</subfield>
    <subfield code="c">WaU</subfield>
    <subfield code="d">InU</subfield>
  </datafield>
  <datafield tag="110" ind1="2" ind2=" ">
    <subfield code="a">Nauchnyĭ t︠s︡entr klinicheskoĭ i ėksperimentalʹnoĭ medit︠s︡iny (Rossiĭskai︠a︡ akademii︠a︡ medit︠s︡inskikh nauk)</subfield>
  </datafield>
  <datafield tag="410" ind1="2" ind2=" ">
    <subfield code="a">Научный центр клинической и экспериментальной медицины (Российская академия медицинских наук)</subfield>
  </datafield>
  <datafield tag="410" ind1="2" ind2=" ">
    <subfield code="a">Rossiĭskai︠a︡ akademii︠a︡ medit︠s︡inskikh nauk.</subfield>
    <subfield code="b">Nauchnyĭ t︠s︡entr klinicheskoĭ i ėksperimentalʹnoĭ medit︠s︡iny</subfield>
  </datafield>
  <datafield tag="510" ind1="2" ind2=" ">
    <subfield code="w">r</subfield>
    <subfield code="i">Hierarchical superior:</subfield>
    <subfield code="a">Rossiĭskai︠a︡ akademii︠a︡ medit︠s︡inskikh nauk.</subfield>
    <subfield code="b">Sibirskoe otdelenie</subfield>
  </datafield>
  <datafield tag="667" ind1=" " ind2=" ">
    <subfield code="a">Non-Latin script reference not evaluated.</subfield>
  </datafield>
  <datafield tag="670" ind1=" " ind2=" ">
    <subfield code="a">Problemy &quot;Sfinksa XXI veka&quot;, 2000:</subfield>
    <subfield code="b">t.p. (Rossiĭskai︠a︡ akademii︠a︡ medit︠s︡inskikh nauk, Sibirskoe otdelenie, Nauchnyĭ t︠s︡entr klinicheskoĭ i ėksperimentalʹnoĭ medit︠s︡iny)</subfield>
  </datafield>
</record>