
<record>
  <leader>01081cz  a2200217n  4500</leader>
  <controlfield tag="001">6055250</controlfield>
  <controlfield tag="003">DLC</controlfield>
  <controlfield tag="005">20200103073145.0</controlfield>
  <controlfield tag="008">030918n| azannaabn          |b ana     c</controlfield>
  <datafield tag="010" ind1=" " ind2=" ">
    <subfield code="a">no2003093840</subfield>
  </datafield>
  <datafield tag="035" ind1=" " ind2=" ">
    <subfield code="a">(OCoLC)oca06156474</subfield>
  </datafield>
  <datafield tag="040" ind1=" " ind2=" ">
    <subfield code="a">WaU</subfield>
    <subfield code="b">eng</subfield>
    <subfield code="e">rda</subfield>
    <subfield code="c">WaU</subfield>
    <subfield code="d">InU</subfield>
  </datafield>
  <datafield tag="110" ind1="2" ind2=" ">
    <subfield code="a">T︠S︡entr Gossanėpidnadzora v g. Novosibirske</subfield>
  </datafield>
  <datafield tag="410" ind1="2" ind2=" ">
    <subfield code="a">Центр Госсанэпиднадзора в г. Новосибирске</subfield>
  </datafield>
  <datafield tag="410" ind1="2" ind2=" ">
    <subfield code="a">T︠S︡entr gosudarstvennogo sanitarno-ėpidemiologicheskogo nadzora v g. Novosibirske</subfield>
  </datafield>
  <datafield tag="410" ind1="2" ind2=" ">
    <subfield code="a">Центр государственного санитарно-эпидемиологического надзора в г. Новосибирске</subfield>
  </datafield>
  <datafield tag="410" ind1="2" ind2=" ">
    <subfield code="a">T︠S︡GSĖN</subfield>
  </datafield>
  <datafield tag="410" ind1="2" ind2=" ">
    <subfield code="a">ЦГСЭН</subfield>
  </datafield>
  <datafield tag="667" ind1=" " ind2=" ">
    <subfield code="a">Non-Latin script references not evaluated.</subfield>
  </datafield>
  <datafield tag="670" ind1=" " ind2=" ">
    <subfield code="a">Problemy &quot;Sfinksa XXI veka&quot;, 2000:</subfield>
    <subfield code="b">t.p. (T︠S︡entr Gossanėpidnadzora v g. Novosibirske)</subfield>
  </datafield>
  <datafield tag="670" ind1=" " ind2=" ">
    <subfield code="a">Mediko-sanitarnai︠a︡ chastʹ MVD Rossii website, January 2, 2020</subfield>
    <subfield code="b">(T︠S︡entr gosudarstvennogo sanitarno-ėpidemiologicheskogo nadzora; T︠S︡GSĖN)</subfield>
  </datafield>
</record>