
<record>
  <leader>01397cz  a2200253n  4500</leader>
  <controlfield tag="001">6096828</controlfield>
  <controlfield tag="003">DLC</controlfield>
  <controlfield tag="005">20200103073146.0</controlfield>
  <controlfield tag="008">020624n| azannaabn          |a aaa      </controlfield>
  <datafield tag="010" ind1=" " ind2=" ">
    <subfield code="a">nb2002054312</subfield>
  </datafield>
  <datafield tag="035" ind1=" " ind2=" ">
    <subfield code="a">(OCoLC)oca06200501</subfield>
  </datafield>
  <datafield tag="040" ind1=" " ind2=" ">
    <subfield code="a">Uk</subfield>
    <subfield code="b">eng</subfield>
    <subfield code="e">rda</subfield>
    <subfield code="c">Uk</subfield>
    <subfield code="d">TxHU</subfield>
    <subfield code="d">HU</subfield>
    <subfield code="d">GVaS</subfield>
  </datafield>
  <datafield tag="100" ind1="1" ind2=" ">
    <subfield code="a">Sorkin, Jenni</subfield>
  </datafield>
  <datafield tag="370" ind1=" " ind2=" ">
    <subfield code="c">United States</subfield>
    <subfield code="e">Santa Barbara (Calif.)</subfield>
    <subfield code="2">naf</subfield>
  </datafield>
  <datafield tag="372" ind1=" " ind2=" ">
    <subfield code="a">Art, Modern--21st century</subfield>
    <subfield code="a">Art--History</subfield>
    <subfield code="a">Art criticism</subfield>
    <subfield code="a">Art museums--Curatorship</subfield>
    <subfield code="2">lcsh</subfield>
  </datafield>
  <datafield tag="373" ind1=" " ind2=" ">
    <subfield code="a">University of California, Santa Barbara</subfield>
    <subfield code="2">naf</subfield>
  </datafield>
  <datafield tag="374" ind1=" " ind2=" ">
    <subfield code="a">College teachers</subfield>
    <subfield code="a">Art museum curators</subfield>
    <subfield code="a">Art critics</subfield>
    <subfield code="a">Art historians</subfield>
    <subfield code="a">Authors</subfield>
    <subfield code="2">lcsh</subfield>
  </datafield>
  <datafield tag="375" ind1=" " ind2=" ">
    <subfield code="a">Females</subfield>
    <subfield code="2">lcdgt</subfield>
  </datafield>
  <datafield tag="377" ind1=" " ind2=" ">
    <subfield code="a">eng</subfield>
  </datafield>
  <datafield tag="510" ind1="2" ind2=" ">
    <subfield code="w">r</subfield>
    <subfield code="i">Employer:</subfield>
    <subfield code="a">University of California, Santa Barbara</subfield>
  </datafield>
  <datafield tag="670" ind1=" " ind2=" ">
    <subfield code="a">Lia Cook, c2002:</subfield>
    <subfield code="b">facing t.p. (Jenni Sorkin)</subfield>
  </datafield>
  <datafield tag="670" ind1=" " ind2=" ">
    <subfield code="a">DiMattio, Francesca. Francesca DiMattio, 2015:</subfield>
    <subfield code="b">title page (Jenni Sorkin) page 127 (Jenni Sorkin; assistant professor of contemporary art history at the University of California, Santa Barbara)</subfield>
  </datafield>
  <datafield tag="670" ind1=" " ind2=" ">
    <subfield code="a">Revolution in the making, 2016:</subfield>
    <subfield code="b">title page (Organized and edited by Jenni Sorkin)</subfield>
  </datafield>
  <datafield tag="670" ind1=" " ind2=" ">
    <subfield code="a">Toronto Public Library website, viewed December 6, 2019</subfield>
    <subfield code="b">(Jenni Sorkin is a curator, art historian, critic, and assistant professor of contemporary art history at the University of California, Santa Barbara)</subfield>
    <subfield code="u">https://www.torontopubliclibrary.ca/detail.jsp?Entt=RDM3484844&amp;R=3484844</subfield>
  </datafield>
</record>