
<record>
  <leader>02109cz  a2200289n  4500</leader>
  <controlfield tag="001">6125804</controlfield>
  <controlfield tag="003">DLC</controlfield>
  <controlfield tag="005">20200103073149.0</controlfield>
  <controlfield tag="008">031211n| azannaabn           a aaa     c</controlfield>
  <datafield tag="010" ind1=" " ind2=" ">
    <subfield code="a">no2003124538</subfield>
  </datafield>
  <datafield tag="035" ind1=" " ind2=" ">
    <subfield code="a">(OCoLC)oca06226016</subfield>
  </datafield>
  <datafield tag="040" ind1=" " ind2=" ">
    <subfield code="a">RPB</subfield>
    <subfield code="b">eng</subfield>
    <subfield code="e">rda</subfield>
    <subfield code="c">RPB</subfield>
    <subfield code="d">DLC</subfield>
    <subfield code="d">MH-Mu</subfield>
  </datafield>
  <datafield tag="046" ind1=" " ind2=" ">
    <subfield code="f">1909-10-20</subfield>
    <subfield code="g">1999-11-17</subfield>
    <subfield code="2">edtf</subfield>
  </datafield>
  <datafield tag="100" ind1="1" ind2=" ">
    <subfield code="a">McCusker, Honor</subfield>
  </datafield>
  <datafield tag="370" ind1=" " ind2=" ">
    <subfield code="a">Providence (R.I.)</subfield>
    <subfield code="b">Damariscotta (Me.)</subfield>
    <subfield code="2">naf</subfield>
  </datafield>
  <datafield tag="372" ind1=" " ind2=" ">
    <subfield code="a">Rare books</subfield>
    <subfield code="2">lcsh</subfield>
  </datafield>
  <datafield tag="373" ind1=" " ind2=" ">
    <subfield code="a">Boston Public Library. Department of Rare Books and Manuscripts</subfield>
    <subfield code="2">naf</subfield>
  </datafield>
  <datafield tag="373" ind1=" " ind2=" ">
    <subfield code="a">United States Information Agency</subfield>
    <subfield code="2">naf</subfield>
  </datafield>
  <datafield tag="374" ind1=" " ind2=" ">
    <subfield code="a">Librarians</subfield>
    <subfield code="2">lcsh</subfield>
  </datafield>
  <datafield tag="400" ind1="1" ind2=" ">
    <subfield code="a">McCusker, Honor C.</subfield>
  </datafield>
  <datafield tag="400" ind1="1" ind2=" ">
    <subfield code="a">McCusker, Honor Cecilia</subfield>
  </datafield>
  <datafield tag="670" ind1=" " ind2=" ">
    <subfield code="a">Fifty years of music in Boston, 1938:</subfield>
    <subfield code="b">title page (Honor McCusker, assistant in the Rare Book Department; published by the Trustees of the Public Library)</subfield>
  </datafield>
  <datafield tag="670" ind1=" " ind2=" ">
    <subfield code="a">McCusker, Honor. John Bale, 1942:</subfield>
    <subfield code="b">title page (by Honor C. McCusker)</subfield>
  </datafield>
  <datafield tag="670" ind1=" " ind2=" ">
    <subfield code="a">Department of State. The biographic register, 1951</subfield>
    <subfield code="b">(McCusker, Honor Cecilia; born October 20, 1909 in Providence, Rhode Island; graduated Brown University A.B. 1930, Ph.D. from Bryn Mawr in 1937, University of London M.A. in 1934; curator of English Literature at Boston Public Library, 1936-1947; Lieutenant in U.S. Navy 1943-1945; assigned as librarian at The Hague in 1947)</subfield>
  </datafield>
  <datafield tag="670" ind1=" " ind2=" ">
    <subfield code="a">Brown Alumni Monthly, March 1965:</subfield>
    <subfield code="b">page 8 (Honor Cecilia McCusker, Director of Library Services for the U.S. Information Agency in Athens, formerly in the Netherlands, Italy, and India; honored with the Bicentennial Medallion for illustrious alumni at the Bicentennial Alumni Convocation)</subfield>
  </datafield>
  <datafield tag="670" ind1=" " ind2=" ">
    <subfield code="a">U.S. Department of Veterans&apos; Affairs WWW site, January 2, 2020:</subfield>
    <subfield code="b">Nationwide Gravsite Locator (Honor Cecilia McCusker, born October 20, 1909, died November 17, 1999; buried at St. Patrick&apos;s Cemetery in Newcastle, Maine)</subfield>
  </datafield>
  <datafield tag="670" ind1=" " ind2=" ">
    <subfield code="a">ObitCentral.com, January 2, 2020</subfield>
    <subfield code="b">(Honor C. McCusker, library curator, world traveler, volunteer; died at Cove&apos;s Edge in Damariscotta, Maine; retired in 1972 and moved to Damariscotta, Maine, volunteered at Miles Memorial Hospital)</subfield>
  </datafield>
</record>