
<record>
  <leader>01303cz  a2200301n  4500</leader>
  <controlfield tag="001">6130795</controlfield>
  <controlfield tag="003">DLC</controlfield>
  <controlfield tag="005">20200103073149.0</controlfield>
  <controlfield tag="008">031219n| azannaabn           b aaa      </controlfield>
  <datafield tag="010" ind1=" " ind2=" ">
    <subfield code="a">n 2003130927</subfield>
  </datafield>
  <datafield tag="035" ind1=" " ind2=" ">
    <subfield code="a">(OCoLC)oca06233534</subfield>
  </datafield>
  <datafield tag="040" ind1=" " ind2=" ">
    <subfield code="a">DNLM</subfield>
    <subfield code="b">eng</subfield>
    <subfield code="e">rda</subfield>
    <subfield code="c">DNLM</subfield>
    <subfield code="d">OCoLC</subfield>
    <subfield code="d">DLC</subfield>
    <subfield code="d">DNLM</subfield>
    <subfield code="d">CtY</subfield>
  </datafield>
  <datafield tag="046" ind1=" " ind2=" ">
    <subfield code="s">1632</subfield>
  </datafield>
  <datafield tag="100" ind1="1" ind2=" ">
    <subfield code="a">Chen, Sicheng,</subfield>
    <subfield code="d">active 1632</subfield>
  </datafield>
  <datafield tag="400" ind1="1" ind2=" ">
    <subfield code="a">Chen, Jiushao,</subfield>
    <subfield code="d">active 1632</subfield>
  </datafield>
  <datafield tag="400" ind1="1" ind2=" ">
    <subfield code="w">nnea</subfield>
    <subfield code="a">Chen, Sicheng,</subfield>
    <subfield code="d">fl. 1632</subfield>
  </datafield>
  <datafield tag="400" ind1="1" ind2=" ">
    <subfield code="a">Chin, Kyūshō,</subfield>
    <subfield code="d">active 1632</subfield>
  </datafield>
  <datafield tag="400" ind1="1" ind2=" ">
    <subfield code="a">Chin, Shisei,</subfield>
    <subfield code="d">active 1632</subfield>
  </datafield>
  <datafield tag="400" ind1="1" ind2=" ">
    <subfield code="a">陳司成,</subfield>
    <subfield code="d">active 1632</subfield>
  </datafield>
  <datafield tag="400" ind1="1" ind2=" ">
    <subfield code="a">陈司成,</subfield>
    <subfield code="d">active 1632</subfield>
  </datafield>
  <datafield tag="400" ind1="0" ind2=" ">
    <subfield code="a">Chin-Shi-Sei,</subfield>
    <subfield code="d">active 1632</subfield>
  </datafield>
  <datafield tag="667" ind1=" " ind2=" ">
    <subfield code="a">Machine-derived non-Latin script reference project.</subfield>
  </datafield>
  <datafield tag="667" ind1=" " ind2=" ">
    <subfield code="a">Latin and non-Latin script references not evaluated.</subfield>
  </datafield>
  <datafield tag="667" ind1=" " ind2=" ">
    <subfield code="a">Non-Latin script references reviewed in NACO CJK Funnel References Project.</subfield>
  </datafield>
  <datafield tag="670" ind1=" " ind2=" ">
    <subfield code="a">Baisō hiroku, 1774:</subfield>
    <subfield code="b">pref. (Chin Shisei Kyūshō [in Japanese]; Chen Sicheng Jiushao [in Chinese], dated 1632)</subfield>
  </datafield>
  <datafield tag="670" ind1=" " ind2=" ">
    <subfield code="a">Synopsis of a Chinese secret, 1894:</subfield>
    <subfield code="b">t.p. (Chin-Shi-Sei, who lived under the dynasty of Ming (A.D. 1368-1644))</subfield>
  </datafield>
  <datafield tag="675" ind1=" " ind2=" ">
    <subfield code="a">Dai Kan-Wa jiten</subfield>
  </datafield>
  <datafield tag="670" ind1=" " ind2=" ">
    <subfield code="a">OCLC #7775263, Dec. 28, 2019</subfield>
    <subfield code="b">(access point: 陳司成, active 1632 = Chen, Sicheng, active 1632; usage: 陳司成 = Chin Shisei)</subfield>
  </datafield>
</record>