
<record>
  <leader>01241cz  a2200229n  4500</leader>
  <controlfield tag="001">6170531</controlfield>
  <controlfield tag="003">DLC</controlfield>
  <controlfield tag="005">20200103114732.0</controlfield>
  <controlfield tag="008">040212n| acannaabn          |a ana      </controlfield>
  <datafield tag="010" ind1=" " ind2=" ">
    <subfield code="a">no2004013139</subfield>
  </datafield>
  <datafield tag="035" ind1=" " ind2=" ">
    <subfield code="a">(OCoLC)oca06269229</subfield>
  </datafield>
  <datafield tag="040" ind1=" " ind2=" ">
    <subfield code="a">DLC-OB</subfield>
    <subfield code="b">eng</subfield>
    <subfield code="c">DLC-OB</subfield>
    <subfield code="d">DLC</subfield>
  </datafield>
  <datafield tag="046" ind1=" " ind2=" ">
    <subfield code="k">1994</subfield>
    <subfield code="2">edtf</subfield>
  </datafield>
  <datafield tag="110" ind1="2" ind2=" ">
    <subfield code="a">Instituto Serzedello Corrêa</subfield>
  </datafield>
  <datafield tag="410" ind1="1" ind2=" ">
    <subfield code="a">Brazil.</subfield>
    <subfield code="b">Tribunal de Contas da União.</subfield>
    <subfield code="b">Instituto Serzedello Corrêa</subfield>
  </datafield>
  <datafield tag="410" ind1="2" ind2=" ">
    <subfield code="a">ISC</subfield>
  </datafield>
  <datafield tag="410" ind1="2" ind2=" ">
    <subfield code="a">Escola Superior do Tribunal de Contas da União</subfield>
  </datafield>
  <datafield tag="410" ind1="2" ind2=" ">
    <subfield code="a">Instituto Serzedello Corrêa, Escola Superior do Tribunal de Contas da União</subfield>
  </datafield>
  <datafield tag="670" ind1=" " ind2=" ">
    <subfield code="a">Bibliografia brasileira de controle externo, 2000:</subfield>
    <subfield code="b">t.p. ([Brazil] Tribunal de Contas da União, Instituto Serzedello Corrêa)</subfield>
  </datafield>
  <datafield tag="670" ind1=" " ind2=" ">
    <subfield code="a">Fiscalização de gastos públicos no Brasil, 1999?:</subfield>
    <subfield code="b">cover (Instituto Serzedello Corrêa) p. 7 (Instituto Serzedello Corrêa (ISC))</subfield>
  </datafield>
  <datafield tag="670" ind1=" " ind2=" ">
    <subfield code="a">Instituto Serzedello Corrêa Webpage, viewed Dec. 30, 2019</subfield>
    <subfield code="b">(Instituto Serzedello Corrêa, Escola Superior do Tribunal de Contas da União; o Instituto Serzedello Corrêa (ISC) é a escola do governo do Tribunal de Contas da União (TCU); instituído em 1994 pela resolução - TCU no̲ 19, de 09/11/1994)</subfield>
  </datafield>
  <datafield tag="953" ind1=" " ind2=" ">
    <subfield code="b">wr08</subfield>
  </datafield>
</record>