
<record>
  <leader>01348cz  a2200253n  4500</leader>
  <controlfield tag="001">6201264</controlfield>
  <controlfield tag="003">DLC</controlfield>
  <controlfield tag="005">20200103073150.0</controlfield>
  <controlfield tag="008">040318n| azannaabn          |b aaa     c</controlfield>
  <datafield tag="010" ind1=" " ind2=" ">
    <subfield code="a">nr2004008585</subfield>
  </datafield>
  <datafield tag="035" ind1=" " ind2=" ">
    <subfield code="a">(OCoLC)oca06303493</subfield>
  </datafield>
  <datafield tag="040" ind1=" " ind2=" ">
    <subfield code="a">CSt</subfield>
    <subfield code="b">eng</subfield>
    <subfield code="e">rda</subfield>
    <subfield code="c">CSt</subfield>
    <subfield code="d">InU</subfield>
    <subfield code="d">PPiU</subfield>
  </datafield>
  <datafield tag="046" ind1=" " ind2=" ">
    <subfield code="f">1977</subfield>
  </datafield>
  <datafield tag="100" ind1="1" ind2=" ">
    <subfield code="a">Malishevskiĭ, N. N.</subfield>
    <subfield code="q">(Nikolaĭ Nikolaevich)</subfield>
  </datafield>
  <datafield tag="400" ind1="1" ind2=" ">
    <subfield code="a">Малишевский, Н. Н.</subfield>
    <subfield code="q">(Николай Николаевич)</subfield>
  </datafield>
  <datafield tag="400" ind1="1" ind2=" ">
    <subfield code="a">Малишевский, Николай Николаевич</subfield>
  </datafield>
  <datafield tag="400" ind1="1" ind2=" ">
    <subfield code="a">Malishevskiĭ, Nikolaĭ Nikolaevich</subfield>
  </datafield>
  <datafield tag="400" ind1="1" ind2=" ">
    <subfield code="a">Malishėŭski, Mikalaĭ Mikalevich</subfield>
  </datafield>
  <datafield tag="400" ind1="1" ind2=" ">
    <subfield code="a">Малішэўскі, Мікалай Мікалевіч</subfield>
  </datafield>
  <datafield tag="667" ind1=" " ind2=" ">
    <subfield code="a">Cannot identify with: Malishevskiĭ, N.</subfield>
  </datafield>
  <datafield tag="667" ind1=" " ind2=" ">
    <subfield code="a">Non-Latin script references not evaluated.</subfield>
  </datafield>
  <datafield tag="670" ind1=" " ind2=" ">
    <subfield code="a">Organizat︠s︡ionno-pravovoe obespechenie vyborov Prezidenta Respubliki Belarusʹ, 2003:</subfield>
    <subfield code="b">t.p. (N.N. Malishevskiĭ) colophon (Malishevskiĭ Nikolaĭ Nikolaevich)</subfield>
  </datafield>
  <datafield tag="670" ind1=" " ind2=" ">
    <subfield code="a">Google, June 12, 2013</subfield>
    <subfield code="b">(b. 1977)</subfield>
  </datafield>
  <datafield tag="670" ind1=" " ind2=" ">
    <subfield code="a">Belaruskii︠a︡ admiraly Polʹshchy, 2019:</subfield>
    <subfield code="b">title page (Мікалай Малішэўскі = Mikalaĭ Malishėŭski) title page verso (Малішэўскі М.М. =   Malishėŭski M.M.) colophon (Малішэўскі Мікалай Мікалаевіч = Malishėŭski Mikalaĭ Mikalaevich)</subfield>
  </datafield>
</record>