
<record>
  <leader>01276cz  a2200253n  4500</leader>
  <controlfield tag="001">6299395</controlfield>
  <controlfield tag="003">DLC</controlfield>
  <controlfield tag="005">20200103115545.0</controlfield>
  <controlfield tag="008">040721n| azannaabn          |a aaa      </controlfield>
  <datafield tag="010" ind1=" " ind2=" ">
    <subfield code="a">n 2004111345</subfield>
  </datafield>
  <datafield tag="035" ind1=" " ind2=" ">
    <subfield code="a">(OCoLC)oca06400171</subfield>
  </datafield>
  <datafield tag="040" ind1=" " ind2=" ">
    <subfield code="a">DLC</subfield>
    <subfield code="b">eng</subfield>
    <subfield code="e">rda</subfield>
    <subfield code="c">DLC</subfield>
    <subfield code="d">DLC</subfield>
    <subfield code="d">ICU</subfield>
    <subfield code="d">MoSU</subfield>
    <subfield code="d">DLC</subfield>
  </datafield>
  <datafield tag="046" ind1=" " ind2=" ">
    <subfield code="f">1976-09-17</subfield>
    <subfield code="2">edtf</subfield>
  </datafield>
  <datafield tag="100" ind1="1" ind2=" ">
    <subfield code="a">Van Nuffelen, Peter</subfield>
  </datafield>
  <datafield tag="370" ind1=" " ind2=" ">
    <subfield code="c">Belgium</subfield>
    <subfield code="f">Ghent (Belgium)</subfield>
    <subfield code="2">naf</subfield>
  </datafield>
  <datafield tag="373" ind1=" " ind2=" ">
    <subfield code="a">Rijksuniversiteit te Gent</subfield>
    <subfield code="2">naf</subfield>
  </datafield>
  <datafield tag="375" ind1=" " ind2=" ">
    <subfield code="a">male</subfield>
  </datafield>
  <datafield tag="377" ind1=" " ind2=" ">
    <subfield code="a">fre</subfield>
    <subfield code="a">eng</subfield>
  </datafield>
  <datafield tag="400" ind1="1" ind2=" ">
    <subfield code="a">Nuffelen, Peter van</subfield>
  </datafield>
  <datafield tag="670" ind1=" " ind2=" ">
    <subfield code="a">Nuffelen, Peter van. Un héritage de paix et de piété, 2004:</subfield>
    <subfield code="b">CIP title page (Peter van Nuffelen)</subfield>
  </datafield>
  <datafield tag="670" ind1=" " ind2=" ">
    <subfield code="a">Rethinking the gods, 2011:</subfield>
    <subfield code="b">ECIP title page (Peter van Nuffelen) data view (born September 17, 1976)</subfield>
  </datafield>
  <datafield tag="670" ind1=" " ind2=" ">
    <subfield code="a">Monotheism between pagans and Christians in late antiquity, 2010:</subfield>
    <subfield code="b">title page (Peter Van Nuffelen) page 4 of cover (Peter Van Nuffelen is Research Professor at the university of Ghent, and works mainly on late antiquity and religion in the Roman Empire)</subfield>
  </datafield>
  <datafield tag="670" ind1=" " ind2=" ">
    <subfield code="a">Historiography and space in late antiquity, 2019:</subfield>
    <subfield code="b">ECIP title page (Peter Van Nuffelen; editor) communication from publisher, Sept. 18, 2019: (Please change form of name from Nuffelen, Peter van to Van Nuffelen, Peter)</subfield>
  </datafield>
  <datafield tag="953" ind1=" " ind2=" ">
    <subfield code="a">sh21</subfield>
    <subfield code="b">rg11</subfield>
  </datafield>
</record>