
<record>
  <leader>00750cz  a2200205n  4500</leader>
  <controlfield tag="001">6420970</controlfield>
  <controlfield tag="003">DLC</controlfield>
  <controlfield tag="005">20200103094125.0</controlfield>
  <controlfield tag="008">041214n| azannaabn          |n aaa     c</controlfield>
  <datafield tag="010" ind1=" " ind2=" ">
    <subfield code="a">no2004120819</subfield>
  </datafield>
  <datafield tag="035" ind1=" " ind2=" ">
    <subfield code="a">(OCoLC)oca06517114</subfield>
  </datafield>
  <datafield tag="040" ind1=" " ind2=" ">
    <subfield code="a">OCU-Mu</subfield>
    <subfield code="b">eng</subfield>
    <subfield code="e">rda</subfield>
    <subfield code="c">OCU-Mu</subfield>
    <subfield code="d">DLC</subfield>
  </datafield>
  <datafield tag="046" ind1=" " ind2=" ">
    <subfield code="k">1890</subfield>
    <subfield code="2">edtf</subfield>
  </datafield>
  <datafield tag="100" ind1="1" ind2=" ">
    <subfield code="a">Li︠a︡punov, S. M.</subfield>
    <subfield code="q">(Sergeĭ Mikhaĭlovich),</subfield>
    <subfield code="d">1859-1924.</subfield>
    <subfield code="t">Concertos,</subfield>
    <subfield code="m">piano, orchestra,</subfield>
    <subfield code="n">no. 1, op. 4,</subfield>
    <subfield code="r">E♭ minor</subfield>
  </datafield>
  <datafield tag="380" ind1=" " ind2=" ">
    <subfield code="a">Concertos</subfield>
    <subfield code="2">lcgft</subfield>
  </datafield>
  <datafield tag="382" ind1="0" ind2=" ">
    <subfield code="b">piano</subfield>
    <subfield code="n">1</subfield>
    <subfield code="a">orchestra</subfield>
    <subfield code="2">lcmpt</subfield>
  </datafield>
  <datafield tag="383" ind1=" " ind2=" ">
    <subfield code="a">no. 1</subfield>
    <subfield code="b">op. 4</subfield>
  </datafield>
  <datafield tag="384" ind1="0" ind2=" ">
    <subfield code="a">E♭ minor</subfield>
  </datafield>
  <datafield tag="670" ind1=" " ind2=" ">
    <subfield code="a">Li︠a︡punov, S.M. Piano concerto no. 1 in E flat minor, op. 4 [SR] p2002</subfield>
  </datafield>
  <datafield tag="670" ind1=" " ind2=" ">
    <subfield code="a">Grove Music Online, Dec. 10, 2004</subfield>
    <subfield code="b">(Op. 4, Piano concerto no. 1, e♭, 1890 (Berlin, c1896))</subfield>
  </datafield>
</record>