
<record>
  <leader>01859cz  a2200277n  4500</leader>
  <controlfield tag="001">6428358</controlfield>
  <controlfield tag="003">DLC</controlfield>
  <controlfield tag="005">20200103093256.0</controlfield>
  <controlfield tag="008">041227n| azannaabn          |b aaa      </controlfield>
  <datafield tag="010" ind1=" " ind2=" ">
    <subfield code="a">n 2004154934</subfield>
  </datafield>
  <datafield tag="035" ind1=" " ind2=" ">
    <subfield code="a">(OCoLC)oca06526272</subfield>
  </datafield>
  <datafield tag="040" ind1=" " ind2=" ">
    <subfield code="a">DLC</subfield>
    <subfield code="b">eng</subfield>
    <subfield code="e">rda</subfield>
    <subfield code="c">DLC</subfield>
    <subfield code="d">NNU-L</subfield>
    <subfield code="d">DLC</subfield>
  </datafield>
  <datafield tag="046" ind1=" " ind2=" ">
    <subfield code="f">1976-10-18</subfield>
    <subfield code="2">edtf</subfield>
  </datafield>
  <datafield tag="100" ind1="1" ind2=" ">
    <subfield code="a">Kareklas, Iakōvos,</subfield>
    <subfield code="d">1976-</subfield>
  </datafield>
  <datafield tag="370" ind1=" " ind2=" ">
    <subfield code="c">Cyprus</subfield>
    <subfield code="2">naf</subfield>
  </datafield>
  <datafield tag="372" ind1=" " ind2=" ">
    <subfield code="a">International law</subfield>
    <subfield code="a">Law</subfield>
    <subfield code="2">lcsh</subfield>
  </datafield>
  <datafield tag="373" ind1=" " ind2=" ">
    <subfield code="a">European University Cyprus</subfield>
    <subfield code="2">naf</subfield>
  </datafield>
  <datafield tag="374" ind1=" " ind2=" ">
    <subfield code="a">Law teachers</subfield>
    <subfield code="2">lcsh</subfield>
  </datafield>
  <datafield tag="375" ind1=" " ind2=" ">
    <subfield code="a">Males</subfield>
    <subfield code="2">lcsh</subfield>
  </datafield>
  <datafield tag="400" ind1="1" ind2=" ">
    <subfield code="a">Kareklas, Iacovos,</subfield>
    <subfield code="d">1976-</subfield>
  </datafield>
  <datafield tag="400" ind1="1" ind2=" ">
    <subfield code="a">Καρεκλάς, Ιάκωβος,</subfield>
    <subfield code="d">1976-</subfield>
  </datafield>
  <datafield tag="667" ind1=" " ind2=" ">
    <subfield code="a">Non-Latin script reference not evaluated.</subfield>
  </datafield>
  <datafield tag="670" ind1=" " ind2=" ">
    <subfield code="a">Peri politikōn, 2004:</subfield>
    <subfield code="b">t.p. (Ιάκωβος Καρεκλάς = Iakōvos Kareklas) p. 1 (b. Oct. 18, 1976 in Nicosia, Cyprus)</subfield>
  </datafield>
  <datafield tag="670" ind1=" " ind2=" ">
    <subfield code="a">International law and politics on Salamis, 2007:</subfield>
    <subfield code="b">t.p. (Iacovos Kareklas; fellow, Faculty of Law, Univ. of Oxford; formerly postdoctoral and teaching fellow, Dept. of Government, Harvard Univ.) jkt. (b. in Nicosia on the 18th of Oct. 1976; M.A., in law, Cambridge Univ.; Ph.D. in law, London Univ., London School of Economics and Political Science; has published works on law, politics, and Classics in Greek and English)</subfield>
  </datafield>
  <datafield tag="670" ind1=" " ind2=" ">
    <subfield code="a">Thucydides on international law and political theory, 2020:</subfield>
    <subfield code="b">t.p. (Iacovos Kareklas) about the author (&quot;born in Nicosia on the 18th of October 1976 ...  B.A. and M.A. Degrees in Law from Cambridge University, Magdalene College ... Ph.D. in International Law from London University (London School of Economics and Political Science) ... In 2008 Dr. Kareklas was elected Lecturer at the European University Cyprus ... As of 2013 he is an Associate Professor ...  He teaches International Law, Philosophy of Law, Constitutional Law, and International Politics).</subfield>
  </datafield>
  <datafield tag="953" ind1=" " ind2=" ">
    <subfield code="a">lf25</subfield>
  </datafield>
</record>