
<record>
  <leader>01580cz  a2200313n  4500</leader>
  <controlfield tag="001">6439043</controlfield>
  <controlfield tag="003">DLC</controlfield>
  <controlfield tag="005">20200103073317.0</controlfield>
  <controlfield tag="008">050114n| azannaabn          |a aaa      </controlfield>
  <datafield tag="010" ind1=" " ind2=" ">
    <subfield code="a">n 2005180100</subfield>
  </datafield>
  <datafield tag="035" ind1=" " ind2=" ">
    <subfield code="a">(OCoLC)oca06537422</subfield>
  </datafield>
  <datafield tag="040" ind1=" " ind2=" ">
    <subfield code="a">DNLM</subfield>
    <subfield code="b">eng</subfield>
    <subfield code="e">rda</subfield>
    <subfield code="c">DNLM</subfield>
    <subfield code="d">OCoLC</subfield>
    <subfield code="d">DLC</subfield>
    <subfield code="d">ICU</subfield>
  </datafield>
  <datafield tag="046" ind1=" " ind2=" ">
    <subfield code="s">1624</subfield>
    <subfield code="t">1653</subfield>
  </datafield>
  <datafield tag="100" ind1="1" ind2=" ">
    <subfield code="a">Stefani, Giovanni,</subfield>
    <subfield code="d">active 1624-1653</subfield>
  </datafield>
  <datafield tag="370" ind1=" " ind2=" ">
    <subfield code="e">Belluno (Italy)</subfield>
    <subfield code="e">Venice (Italy)</subfield>
    <subfield code="2">naf</subfield>
  </datafield>
  <datafield tag="374" ind1=" " ind2=" ">
    <subfield code="a">Physicians</subfield>
    <subfield code="2">lcsh</subfield>
  </datafield>
  <datafield tag="375" ind1=" " ind2=" ">
    <subfield code="a">Males</subfield>
    <subfield code="2">lcdgt</subfield>
  </datafield>
  <datafield tag="377" ind1=" " ind2=" ">
    <subfield code="a">lat</subfield>
  </datafield>
  <datafield tag="400" ind1="1" ind2=" ">
    <subfield code="w">nnea</subfield>
    <subfield code="a">Stefani, Giovanni,</subfield>
    <subfield code="d">fl. 1624-1653</subfield>
  </datafield>
  <datafield tag="400" ind1="1" ind2=" ">
    <subfield code="a">Stephanus, Ioannes,</subfield>
    <subfield code="d">active 1624-1653</subfield>
  </datafield>
  <datafield tag="400" ind1="1" ind2=" ">
    <subfield code="a">Stephanus, Joannes,</subfield>
    <subfield code="d">active 1624-1653</subfield>
  </datafield>
  <datafield tag="400" ind1="1" ind2=" ">
    <subfield code="a">Stephanus, Joannes,</subfield>
    <subfield code="c">of Bellumo,</subfield>
    <subfield code="d">active 1624-1653</subfield>
  </datafield>
  <datafield tag="400" ind1="1" ind2=" ">
    <subfield code="a">Sthepanus, Joannes,</subfield>
    <subfield code="d">active 1624-1653</subfield>
  </datafield>
  <datafield tag="670" ind1=" " ind2=" ">
    <subfield code="a">De incolumitate diu servanda tractatus, 1627:</subfield>
    <subfield code="b">t.p. (Ioanne Stephano)</subfield>
  </datafield>
  <datafield tag="670" ind1=" " ind2=" ">
    <subfield code="a">BM</subfield>
    <subfield code="b">(Stephanus, Joannes of Bellumo; earliest work 1624)</subfield>
  </datafield>
  <datafield tag="670" ind1=" " ind2=" ">
    <subfield code="a">BN</subfield>
    <subfield code="b">(Stephanus, Joannes)</subfield>
  </datafield>
  <datafield tag="670" ind1=" " ind2=" ">
    <subfield code="a">Saur&apos;s WBIS, via WWW, Jan. 6, 2004</subfield>
    <subfield code="b">(Stefani, Giovanni; years cited: 1627-1653)</subfield>
  </datafield>
  <datafield tag="670" ind1=" " ind2=" ">
    <subfield code="a">Bibliografia bellunese, 1890:</subfield>
    <subfield code="b">page 53 (Joannis Sthepani [sic] medici et philosophi Bellunensis, et Cenetae nobilis civiis; book published in 1633 contains a letter writeen from Bernardo Colle Nobile di S. Bartolommeo (a physician from Belluno), addressed to Giovanni Stefani written when the latter moved fro Ceneta to Venice)</subfield>
  </datafield>
  <datafield tag="670" ind1=" " ind2=" ">
    <subfield code="a">Ioannis Stephani philosophi, ac medici Bellunensis Nicolai Veneti civis filii Tobiae liber, 1629:</subfield>
    <subfield code="b">title page (Ioannis Stephani philosophi, ac medici Bellunensis)</subfield>
  </datafield>
</record>