
<record>
  <leader>01210cz  a2200205n  4500</leader>
  <controlfield tag="001">6448087</controlfield>
  <controlfield tag="003">DLC</controlfield>
  <controlfield tag="005">20200103073317.0</controlfield>
  <controlfield tag="008">050126n| azannaabn          |a aaa      </controlfield>
  <datafield tag="010" ind1=" " ind2=" ">
    <subfield code="a">n 2005005626</subfield>
  </datafield>
  <datafield tag="035" ind1=" " ind2=" ">
    <subfield code="a">(OCoLC)oca06546293</subfield>
  </datafield>
  <datafield tag="040" ind1=" " ind2=" ">
    <subfield code="a">DLC</subfield>
    <subfield code="b">eng</subfield>
    <subfield code="c">DLC</subfield>
    <subfield code="e">rda</subfield>
    <subfield code="d">DNLM</subfield>
  </datafield>
  <datafield tag="100" ind1="1" ind2=" ">
    <subfield code="a">Weiberg-Salzmann, Mirjam</subfield>
  </datafield>
  <datafield tag="373" ind1=" " ind2=" ">
    <subfield code="a">Universität Münster. Exzellenzcluster &quot;Religion und Politik&quot;</subfield>
    <subfield code="2">naf</subfield>
  </datafield>
  <datafield tag="400" ind1="1" ind2=" ">
    <subfield code="a">Salzmann, Mirjam Weiberg-</subfield>
  </datafield>
  <datafield tag="400" ind1="1" ind2=" ">
    <subfield code="w">nne</subfield>
    <subfield code="a">Weiberg, Mirjam</subfield>
  </datafield>
  <datafield tag="670" ind1=" " ind2=" ">
    <subfield code="a">Weiberg, Mirjam. Friedensprozess ohne Ende--am Ende ohne Frieden?, 2003:</subfield>
    <subfield code="b">t.p. (Mirjam Weiberg)</subfield>
  </datafield>
  <datafield tag="670" ind1=" " ind2=" ">
    <subfield code="a">Religion and biopolitics, 2020:</subfield>
    <subfield code="b">t.p. (Mirjam Weiberg-Salzmann) p. xiii (Senior Research Fellow at the Cluster of Excellence &quot;Religion and Politics&quot; in Münster; her research areas are international politics, comparative government, and peace and conflict studies, she focuses on the topics of religion and politics, democratization and demography of developing countries, and biopolitics)</subfield>
  </datafield>
  <datafield tag="670" ind1=" " ind2=" ">
    <subfield code="a">WWU Münster, Religion and Poltics Cluster of Excellence, viewed December 2, 2019</subfield>
    <subfield code="b">(Dr. Mirjam Weiberg-Salzmann)</subfield>
    <subfield code="u">https://www.uni-muenster.de/Religion-und-Politik/en/ehemalige/weiberg-salzmann.html</subfield>
  </datafield>
  <datafield tag="953" ind1=" " ind2=" ">
    <subfield code="a">ld03</subfield>
  </datafield>
</record>