
<record>
  <leader>01511cz  a2200205n  4500</leader>
  <controlfield tag="001">6473526</controlfield>
  <controlfield tag="003">DLC</controlfield>
  <controlfield tag="005">20200103073317.0</controlfield>
  <controlfield tag="008">050224n| azannaabn          |n aaa     c</controlfield>
  <datafield tag="010" ind1=" " ind2=" ">
    <subfield code="a">no2005017700</subfield>
  </datafield>
  <datafield tag="035" ind1=" " ind2=" ">
    <subfield code="a">(OCoLC)oca06568067</subfield>
  </datafield>
  <datafield tag="040" ind1=" " ind2=" ">
    <subfield code="a">SaPrUSA</subfield>
    <subfield code="b">eng</subfield>
    <subfield code="e">rda</subfield>
    <subfield code="c">SaPrUSA</subfield>
    <subfield code="d">OU</subfield>
  </datafield>
  <datafield tag="046" ind1=" " ind2=" ">
    <subfield code="f">1909-08-23</subfield>
    <subfield code="g">1971-05-01</subfield>
    <subfield code="2">edtf</subfield>
  </datafield>
  <datafield tag="100" ind1="1" ind2=" ">
    <subfield code="a">Spiesser, Fritz,</subfield>
    <subfield code="d">1909-1971</subfield>
  </datafield>
  <datafield tag="370" ind1=" " ind2=" ">
    <subfield code="a">Mainz (Rhineland-Palatinate, Germany)</subfield>
    <subfield code="b">Windhoek (Namibia)</subfield>
    <subfield code="c">Germany</subfield>
    <subfield code="2">naf</subfield>
  </datafield>
  <datafield tag="374" ind1=" " ind2=" ">
    <subfield code="a">Authors</subfield>
    <subfield code="a">Journalists</subfield>
    <subfield code="2">lcsh</subfield>
  </datafield>
  <datafield tag="375" ind1=" " ind2=" ">
    <subfield code="a">Males</subfield>
    <subfield code="2">lcdgt</subfield>
  </datafield>
  <datafield tag="670" ind1=" " ind2=" ">
    <subfield code="a">Heimkehr, 1943:</subfield>
    <subfield code="b">t.p. (Fritz Spiesser)</subfield>
  </datafield>
  <datafield tag="670" ind1=" " ind2=" ">
    <subfield code="a">NUC pre-56, Feb. 24, 2005</subfield>
    <subfield code="b">(hdg.: Spiesser, Fritz, 1909-; usage: Fritz Spiesser)</subfield>
  </datafield>
  <datafield tag="670" ind1=" " ind2=" ">
    <subfield code="a">Wikidata via Wikipedia, January 2, 2020</subfield>
    <subfield code="b">(alias: Fritz Spiesser; LCAuth identifier: no2005017700; VIAF identifier: 44823757; GND identifier: 132476460; ISNI (P213): 0000000078773688; place of birth: Mainz; place of death: Windhoek; country of citizenship: Germany; instance of: human; member of political party: Nazi Party; date of birth: +1909-08-23T00:00:00Z; date of death: +1971-05-01T00:00:00Z; occupation: writer, journalist; given name: Fritz; languages spoken or published: German; NTA identifier (Netherlands): 070013349; CONOR identifier: 296717667; SUDOC authorities: 183327152; sex or gender: male; NKC identifier: ola2006340219; description/label: deutscher Schriftsteller, Duits schrijver , écrivain allemand, German writer and journalist, scríbhneoir agus iriseoir Gearmánach)</subfield>
    <subfield code="u">http://www.wikidata.org/entity/Q1468454</subfield>
  </datafield>
</record>