
<record>
  <leader>01766cz  a2200313n  4500</leader>
  <controlfield tag="001">6549714</controlfield>
  <controlfield tag="003">DLC</controlfield>
  <controlfield tag="005">20200103073317.0</controlfield>
  <controlfield tag="008">050526n| azannaabn          |a aaa      </controlfield>
  <datafield tag="010" ind1=" " ind2=" ">
    <subfield code="a">n 2005039023</subfield>
  </datafield>
  <datafield tag="035" ind1=" " ind2=" ">
    <subfield code="a">(OCoLC)oca06645885</subfield>
  </datafield>
  <datafield tag="040" ind1=" " ind2=" ">
    <subfield code="a">DLC</subfield>
    <subfield code="b">eng</subfield>
    <subfield code="e">rda</subfield>
    <subfield code="c">DLC</subfield>
    <subfield code="d">DLC</subfield>
    <subfield code="d">OU</subfield>
  </datafield>
  <datafield tag="046" ind1=" " ind2=" ">
    <subfield code="f">1846</subfield>
    <subfield code="g">1938</subfield>
    <subfield code="2">edtf</subfield>
  </datafield>
  <datafield tag="100" ind1="1" ind2=" ">
    <subfield code="a">Schrattenthal, Karl,</subfield>
    <subfield code="d">1846-1938</subfield>
  </datafield>
  <datafield tag="370" ind1=" " ind2=" ">
    <subfield code="c">Germany</subfield>
    <subfield code="f">Slovakia</subfield>
    <subfield code="f">Timiṣoara (Romania)</subfield>
    <subfield code="2">naf</subfield>
  </datafield>
  <datafield tag="374" ind1=" " ind2=" ">
    <subfield code="a">Teachers</subfield>
    <subfield code="a">Authors</subfield>
    <subfield code="2">lcsh</subfield>
  </datafield>
  <datafield tag="375" ind1=" " ind2=" ">
    <subfield code="a">Males</subfield>
    <subfield code="2">lcdgt</subfield>
  </datafield>
  <datafield tag="400" ind1="1" ind2=" ">
    <subfield code="a">Weiss, Carl,</subfield>
    <subfield code="d">1846-1938</subfield>
  </datafield>
  <datafield tag="400" ind1="1" ind2=" ">
    <subfield code="a">Weiss, Karl,</subfield>
    <subfield code="d">1846-1938</subfield>
  </datafield>
  <datafield tag="400" ind1="1" ind2=" ">
    <subfield code="a">Weiss, Karl Franz Joseph,</subfield>
    <subfield code="d">1846-1938</subfield>
  </datafield>
  <datafield tag="400" ind1="1" ind2=" ">
    <subfield code="a">Weiss-Schrattenthal, Karl,</subfield>
    <subfield code="d">1846-1938</subfield>
  </datafield>
  <datafield tag="670" ind1=" " ind2=" ">
    <subfield code="a">Der Nothstand unter den Frauen und die Abhülfe desselben, 1870:</subfield>
    <subfield code="b">title page (Karl Weiss)</subfield>
  </datafield>
  <datafield tag="670" ind1=" " ind2=" ">
    <subfield code="a">Ambrosius, Johanna. Poems by Johanna Ambrosius, 1896:</subfield>
    <subfield code="b">t.p. (Professor Karl Schrattenthal)</subfield>
  </datafield>
  <datafield tag="670" ind1=" " ind2=" ">
    <subfield code="a">LC database, May 26, 2005</subfield>
    <subfield code="b">(hdg.: Weiss, Karl Franz Joseph, 1846-; usage: Professor Karl Schrattenthal)</subfield>
  </datafield>
  <datafield tag="670" ind1=" " ind2=" ">
    <subfield code="a">Österreichischer Nationalbibliothek Web OPAC, May 26, 2005</subfield>
    <subfield code="b">(Weiss, Carl IV pseud. Schrattenthal)</subfield>
  </datafield>
  <datafield tag="670" ind1=" " ind2=" ">
    <subfield code="a">National Library of Israel via VIAF, Dec. 30, 2019</subfield>
    <subfield code="b">(born: 1846; died: 1938; preferred: Schrattenthal, Karl, 1846-; gender: male; variant: Schrattenthal, Karl; Weiss, Carl; Weiss, Karl)</subfield>
    <subfield code="u">http://www.viaf.org/processed/NLI%7C004927677</subfield>
  </datafield>
  <datafield tag="670" ind1=" " ind2=" ">
    <subfield code="a">ERRR via VIAF, Dec. 30, 2019</subfield>
    <subfield code="b">(GAC: de; preferred: Weiss-Schrattenthal, Karl, 1846-1938.; variant: Weiss-Schrattenthal, Karl; Schrattenthal, Karl, pseud.; Weiss, Karl Franz Joseph.; note: Saksa gümnaasiumiõpetaja Slovakkias ja Temesvaris.)</subfield>
    <subfield code="u">http://www.viaf.org/processed/ERRR%7Ca12080597</subfield>
  </datafield>
  <datafield tag="675" ind1=" " ind2=" ">
    <subfield code="a">Biog. &amp; geneal. master index, May 26, 2005; DDB Web OPAC, May 26, 2005</subfield>
  </datafield>
  <datafield tag="953" ind1=" " ind2=" ">
    <subfield code="a">ta30</subfield>
  </datafield>
</record>