
<record>
  <leader>00866cz  a2200217n  4500</leader>
  <controlfield tag="001">6550309</controlfield>
  <controlfield tag="003">DLC</controlfield>
  <controlfield tag="005">20200103133216.0</controlfield>
  <controlfield tag="008">050526n| azannaabn          |a aaa     c</controlfield>
  <datafield tag="010" ind1=" " ind2=" ">
    <subfield code="a">no2005049726</subfield>
  </datafield>
  <datafield tag="035" ind1=" " ind2=" ">
    <subfield code="a">(OCoLC)oca06643424</subfield>
  </datafield>
  <datafield tag="040" ind1=" " ind2=" ">
    <subfield code="a">PSt</subfield>
    <subfield code="b">eng</subfield>
    <subfield code="e">rda</subfield>
    <subfield code="c">PSt</subfield>
    <subfield code="d">DLC</subfield>
  </datafield>
  <datafield tag="046" ind1=" " ind2=" ">
    <subfield code="f">1916-05-14</subfield>
    <subfield code="g">1970-08-30</subfield>
    <subfield code="2">edtf</subfield>
  </datafield>
  <datafield tag="100" ind1="1" ind2=" ">
    <subfield code="a">Moore, Del,</subfield>
    <subfield code="d">1916-1970</subfield>
  </datafield>
  <datafield tag="370" ind1=" " ind2=" ">
    <subfield code="a">Pensacola (Fla.)</subfield>
    <subfield code="b">Encino (Los Angeles, Calif.)</subfield>
    <subfield code="2">naf</subfield>
  </datafield>
  <datafield tag="374" ind1=" " ind2=" ">
    <subfield code="a">Actors</subfield>
    <subfield code="a">Comedians</subfield>
    <subfield code="a">Radio personalities</subfield>
    <subfield code="2">lcsh</subfield>
  </datafield>
  <datafield tag="375" ind1=" " ind2=" ">
    <subfield code="a">Males</subfield>
    <subfield code="2">lcdgt</subfield>
  </datafield>
  <datafield tag="400" ind1="1" ind2=" ">
    <subfield code="a">Moore, Marion Delbridge</subfield>
  </datafield>
  <datafield tag="670" ind1=" " ind2=" ">
    <subfield code="a">The nutty professor [VR] 2004:</subfield>
    <subfield code="b">container (Del Moore, cast)</subfield>
  </datafield>
  <datafield tag="670" ind1=" " ind2=" ">
    <subfield code="a">Internet movie database, May 6, 2005:</subfield>
    <subfield code="b">personal page (Del Moore, b.14 May 1916, Pensacola, Fla., d. 30 Aug. 1970, Encino, Calif.; actor, writer, radio announcer)</subfield>
  </datafield>
  <datafield tag="670" ind1=" " ind2=" ">
    <subfield code="a">Wikipedia, Jan. 3, 2020</subfield>
    <subfield code="b">(Del Moore; born Marion Delbridge Moore)</subfield>
  </datafield>
</record>