
<record>
  <leader>01058cz  a2200157n  4500</leader>
  <controlfield tag="001">6583542</controlfield>
  <controlfield tag="003">DLC</controlfield>
  <controlfield tag="005">20200103161205.0</controlfield>
  <controlfield tag="008">050708n| acannaabn          |n aaa     c</controlfield>
  <datafield tag="010" ind1=" " ind2=" ">
    <subfield code="a">no2005063371</subfield>
  </datafield>
  <datafield tag="035" ind1=" " ind2=" ">
    <subfield code="a">(OCoLC)oca06677429</subfield>
  </datafield>
  <datafield tag="040" ind1=" " ind2=" ">
    <subfield code="a">CoU</subfield>
    <subfield code="b">eng</subfield>
    <subfield code="c">CoU</subfield>
    <subfield code="d">DLC</subfield>
  </datafield>
  <datafield tag="100" ind1="1" ind2=" ">
    <subfield code="a">Wright, Carol L.</subfield>
  </datafield>
  <datafield tag="670" ind1=" " ind2=" ">
    <subfield code="a">Ultimate guide to law school admission, c2003:</subfield>
    <subfield code="b">t.p. (Carol L. Wright, J.D.)</subfield>
  </datafield>
  <datafield tag="670" ind1=" " ind2=" ">
    <subfield code="a">Untethered, 2018:</subfield>
    <subfield code="b">(edited by Carol L. Wright)</subfield>
  </datafield>
  <datafield tag="670" ind1=" " ind2=" ">
    <subfield code="a">Authors website viewed, January 3, 2020:</subfield>
    <subfield code="b">Bio (Carol L. Wright was raised in Massachusetts, and earned her BA in political science from the University of Massachusetts at Amherst. She went on to earn her law degree from Boston University School of Law. She has worked as a domestic relations attorney, an adjunct law professor, a book editor, and a pre-law adviser. She has spent nearly all of her adult life living in central or eastern  Pennsylvania. She has written many articles and essays relating to the study of law, but her passion is writing fiction. In 2006, she founded the Bethlehem Writers Group)</subfield>
  </datafield>
</record>