
<record>
  <leader>01040cz  a2200217n  4500</leader>
  <controlfield tag="001">6596238</controlfield>
  <controlfield tag="003">DLC</controlfield>
  <controlfield tag="005">20200103073305.0</controlfield>
  <controlfield tag="008">050726n| azannaabn          |n aaa     c</controlfield>
  <datafield tag="010" ind1=" " ind2=" ">
    <subfield code="a">nr2005017177</subfield>
  </datafield>
  <datafield tag="035" ind1=" " ind2=" ">
    <subfield code="a">(OCoLC)oca06692125</subfield>
  </datafield>
  <datafield tag="040" ind1=" " ind2=" ">
    <subfield code="a">CtWfDGI</subfield>
    <subfield code="b">eng</subfield>
    <subfield code="e">rda</subfield>
    <subfield code="c">CtWfDGI</subfield>
    <subfield code="d">CtWfDGI</subfield>
    <subfield code="d">DLC</subfield>
    <subfield code="d">OOC</subfield>
  </datafield>
  <datafield tag="046" ind1=" " ind2=" ">
    <subfield code="f">1962</subfield>
    <subfield code="2">edtf</subfield>
  </datafield>
  <datafield tag="100" ind1="1" ind2=" ">
    <subfield code="a">Lependorf, Jeffrey D.</subfield>
  </datafield>
  <datafield tag="370" ind1=" " ind2=" ">
    <subfield code="a">Philadelphia (Pa.)</subfield>
    <subfield code="2">naf</subfield>
  </datafield>
  <datafield tag="374" ind1=" " ind2=" ">
    <subfield code="a">Composers</subfield>
    <subfield code="2">lcdgt</subfield>
  </datafield>
  <datafield tag="374" ind1=" " ind2=" ">
    <subfield code="a">Shakuhachi players</subfield>
    <subfield code="2">lcsh</subfield>
  </datafield>
  <datafield tag="378" ind1=" " ind2=" ">
    <subfield code="q">Jeffrey Dean</subfield>
  </datafield>
  <datafield tag="670" ind1=" " ind2=" ">
    <subfield code="a">His Masterpieces of western music, p2004:</subfield>
    <subfield code="b">label (Jeffrey D. Lependorf)</subfield>
  </datafield>
  <datafield tag="670" ind1=" " ind2=" ">
    <subfield code="a">RLIN21, Jul. 26, 2005</subfield>
    <subfield code="b">(hdg.: Lependorf, Jeffrey Dean; usage: Jeffrey Lependorf)</subfield>
  </datafield>
  <datafield tag="670" ind1=" " ind2=" ">
    <subfield code="a">Jeffrey Lependorf WWW site, January 2, 2020:</subfield>
    <subfield code="b">About me (Jeffrey Lependorf; born 1962, Philadelphia; composer and certified master of the shakuhachi, a traditional Japanese bamboo flute; received a doctorate and masters in music composition from Columbia University and his undergraduate degree from Oberlin Conservatory)</subfield>
    <subfield code="u">https://www.jeffreylependorf.com/about</subfield>
  </datafield>
</record>