
<record>
  <leader>00452cz  a2200121n  4500</leader>
  <controlfield tag="001">6634466</controlfield>
  <controlfield tag="003">DLC</controlfield>
  <controlfield tag="005">20200103125857.0</controlfield>
  <controlfield tag="008">050908n| azannaabn          |n aaa      </controlfield>
  <datafield tag="010" ind1=" " ind2=" ">
    <subfield code="a">n 2005067020</subfield>
  </datafield>
  <datafield tag="040" ind1=" " ind2=" ">
    <subfield code="a">DLC</subfield>
    <subfield code="b">eng</subfield>
    <subfield code="e">rda</subfield>
    <subfield code="c">DLC</subfield>
    <subfield code="d">DLC</subfield>
  </datafield>
  <datafield tag="100" ind1="1" ind2=" ">
    <subfield code="a">Roncalli, Thierry</subfield>
  </datafield>
  <datafield tag="670" ind1=" " ind2=" ">
    <subfield code="a">Roncalli, Thierry. La gestion des risques financiers, 2004:</subfield>
    <subfield code="b">t.p. (Thierry Roncalli) p. 4 of cover (responsable Risk analytics du Groupe de recherche opérationnelle du Crédit agricole)</subfield>
  </datafield>
</record>