
<record>
  <leader>01746cz  a2200301n  4500</leader>
  <controlfield tag="001">6636306</controlfield>
  <controlfield tag="003">DLC</controlfield>
  <controlfield tag="005">20200103073305.0</controlfield>
  <controlfield tag="008">050907n| azannaabn          |a aaa     c</controlfield>
  <datafield tag="010" ind1=" " ind2=" ">
    <subfield code="a">no2005084500</subfield>
  </datafield>
  <datafield tag="035" ind1=" " ind2=" ">
    <subfield code="a">(OCoLC)oca06729033</subfield>
  </datafield>
  <datafield tag="040" ind1=" " ind2=" ">
    <subfield code="a">WaU</subfield>
    <subfield code="b">eng</subfield>
    <subfield code="e">rda</subfield>
    <subfield code="c">WaU</subfield>
    <subfield code="d">GVaS</subfield>
  </datafield>
  <datafield tag="046" ind1=" " ind2=" ">
    <subfield code="f">1969-03-11</subfield>
    <subfield code="2">edtf</subfield>
  </datafield>
  <datafield tag="100" ind1="1" ind2=" ">
    <subfield code="a">Anastas, Rhea</subfield>
  </datafield>
  <datafield tag="370" ind1=" " ind2=" ">
    <subfield code="a">Gloucester (Mass.)</subfield>
    <subfield code="c">United States</subfield>
    <subfield code="e">Irvine (Calif.)</subfield>
    <subfield code="2">naf</subfield>
  </datafield>
  <datafield tag="372" ind1=" " ind2=" ">
    <subfield code="a">Education, Higher</subfield>
    <subfield code="a">Art and history</subfield>
    <subfield code="a">Art criticism</subfield>
    <subfield code="a">Art museums--Curatorship</subfield>
    <subfield code="2">lcsh</subfield>
  </datafield>
  <datafield tag="373" ind1=" " ind2=" ">
    <subfield code="a">University of California, Irvine</subfield>
    <subfield code="2">naf</subfield>
  </datafield>
  <datafield tag="373" ind1=" " ind2=" ">
    <subfield code="a">Orchard (Gallery : New York, N.Y.)</subfield>
    <subfield code="2">naf</subfield>
  </datafield>
  <datafield tag="373" ind1=" " ind2=" ">
    <subfield code="a">City University of New York</subfield>
    <subfield code="2">naf</subfield>
    <subfield code="t">2004</subfield>
  </datafield>
  <datafield tag="373" ind1=" " ind2=" ">
    <subfield code="a">Columbia University</subfield>
    <subfield code="2">naf</subfield>
    <subfield code="t">1995</subfield>
  </datafield>
  <datafield tag="374" ind1=" " ind2=" ">
    <subfield code="a">College teachers</subfield>
    <subfield code="a">Art historians</subfield>
    <subfield code="a">Art critics</subfield>
    <subfield code="a">Art museum curators</subfield>
    <subfield code="a">Authors</subfield>
    <subfield code="2">lcsh</subfield>
  </datafield>
  <datafield tag="375" ind1=" " ind2=" ">
    <subfield code="a">Females</subfield>
    <subfield code="2">lcdgt</subfield>
  </datafield>
  <datafield tag="377" ind1=" " ind2=" ">
    <subfield code="a">eng</subfield>
  </datafield>
  <datafield tag="510" ind1="2" ind2=" ">
    <subfield code="w">r</subfield>
    <subfield code="i">Employer:</subfield>
    <subfield code="a">University of California, Irvine</subfield>
  </datafield>
  <datafield tag="510" ind1="2" ind2=" ">
    <subfield code="w">r</subfield>
    <subfield code="i">Founded corporate body of person:</subfield>
    <subfield code="a">Orchard (Gallery : New York, N.Y.)</subfield>
  </datafield>
  <datafield tag="670" ind1=" " ind2=" ">
    <subfield code="a">Accumulated vision, c2005:</subfield>
    <subfield code="b">t.p. (Rhea Anastas)</subfield>
  </datafield>
  <datafield tag="670" ind1=" " ind2=" ">
    <subfield code="a">Dan Graham: Beyond, 2009:</subfield>
    <subfield code="b">title page (Rhea Anastas)</subfield>
  </datafield>
  <datafield tag="670" ind1=" " ind2=" ">
    <subfield code="a">Peoplepill.com, viewed December 9, 2019</subfield>
    <subfield code="b">(Rhea Anastas (born March 11, 1969, in Gloucester, Massachusetts) is an art historian, critic, curator and an associate professor at the Department of Art, University of California, Irvine. She was also one of the founding members of Orchard, an experimental artist-run gallery in the Lower East Side in New York. Anastas received her B.A. and M.A. in Art History from Columbia University in 1990 and 1995 respectively, and her PhD in Art History from the Graduate Center of the City University of New York in 2004)</subfield>
    <subfield code="u">https://peoplepill.com/people/rhea-anastas/</subfield>
  </datafield>
</record>