
<record>
  <leader>01483cz  a2200253n  4500</leader>
  <controlfield tag="001">6658021</controlfield>
  <controlfield tag="003">DLC</controlfield>
  <controlfield tag="005">20200103073305.0</controlfield>
  <controlfield tag="008">051005n| azannaabn          |b aaa      </controlfield>
  <datafield tag="010" ind1=" " ind2=" ">
    <subfield code="a">n 2005074922</subfield>
  </datafield>
  <datafield tag="035" ind1=" " ind2=" ">
    <subfield code="a">(OCoLC)oca06752011</subfield>
  </datafield>
  <datafield tag="040" ind1=" " ind2=" ">
    <subfield code="a">DLC</subfield>
    <subfield code="b">eng</subfield>
    <subfield code="e">rda</subfield>
    <subfield code="c">DLC</subfield>
    <subfield code="d">OrU</subfield>
    <subfield code="d">DLC</subfield>
    <subfield code="d">MiU</subfield>
    <subfield code="d">WU</subfield>
  </datafield>
  <datafield tag="046" ind1=" " ind2=" ">
    <subfield code="f">1953-09-24</subfield>
    <subfield code="2">edtf</subfield>
  </datafield>
  <datafield tag="100" ind1="1" ind2=" ">
    <subfield code="a">Grigori︠a︡n, Stepan</subfield>
  </datafield>
  <datafield tag="370" ind1=" " ind2=" ">
    <subfield code="a">Tʻbilisi (Georgia)</subfield>
    <subfield code="c">Armenia (Republic)</subfield>
    <subfield code="2">naf</subfield>
  </datafield>
  <datafield tag="372" ind1=" " ind2=" ">
    <subfield code="a">Political science</subfield>
    <subfield code="a">Physics</subfield>
    <subfield code="2">lcsh</subfield>
  </datafield>
  <datafield tag="375" ind1=" " ind2=" ">
    <subfield code="a">Males</subfield>
    <subfield code="2">lcdgt</subfield>
  </datafield>
  <datafield tag="400" ind1="1" ind2=" ">
    <subfield code="a">Григорян, Степан</subfield>
  </datafield>
  <datafield tag="400" ind1="1" ind2=" ">
    <subfield code="a">Grigoryan, Stepan</subfield>
  </datafield>
  <datafield tag="667" ind1=" " ind2=" ">
    <subfield code="a">Non-Latin script reference not evaluated.</subfield>
  </datafield>
  <datafield tag="670" ind1=" " ind2=" ">
    <subfield code="a">Integrat︠s︡ii︠a︡ v mezhdunarodye organizat︠s︡ii kak garant mirnogo razreshenii︠a︡ konfliktov na I︠U︡zhnom Kavkaze, 2005:</subfield>
    <subfield code="b">t.p. verso (Stepan Grigori︠a︡n; Stepan Grigoryan)</subfield>
  </datafield>
  <datafield tag="670" ind1=" " ind2=" ">
    <subfield code="a">Istorii︠a︡ i identichnostʹ, 2010:</subfield>
    <subfield code="b">t.p. verso (Степана Григоряна = Stepana Grigori︠a︡na)</subfield>
  </datafield>
  <datafield tag="670" ind1=" " ind2=" ">
    <subfield code="a">Grigori︠a︡n, Stepan. Armi︠a︡nskai︠a︡ barkhatnai︠a︡ revoli︠u︡t︠s︡ii︠a︡, 2018:</subfield>
    <subfield code="b">title page (Степан Григорян = Stepan Grigori︠a︡n) cover flap (Степан Григорян = Stepan Girgori︠a︡n, born September 24, 1953 in Tbilisi, Georgia; Armenian political scientist and diplomat; кандидат физико-математических наук = kandidat fiziko-matematicheskikh nauk, worked from 1975-1990 at Yerevan Physics Institute)</subfield>
  </datafield>
  <datafield tag="953" ind1=" " ind2=" ">
    <subfield code="a">ys32</subfield>
  </datafield>
</record>