
<record>
  <leader>02108cz  a2200373n  4500</leader>
  <controlfield tag="001">6689712</controlfield>
  <controlfield tag="003">DLC</controlfield>
  <controlfield tag="005">20200103073305.0</controlfield>
  <controlfield tag="008">051116n| azaacaaan          |a ana      </controlfield>
  <datafield tag="010" ind1=" " ind2=" ">
    <subfield code="a">n 2005083011</subfield>
    <subfield code="z">n 2006024080</subfield>
    <subfield code="z">n 2010182616</subfield>
  </datafield>
  <datafield tag="035" ind1=" " ind2=" ">
    <subfield code="a">(OCoLC)oca06782971</subfield>
  </datafield>
  <datafield tag="040" ind1=" " ind2=" ">
    <subfield code="a">DLC</subfield>
    <subfield code="b">eng</subfield>
    <subfield code="e">rda</subfield>
    <subfield code="c">DLC</subfield>
    <subfield code="d">DLC</subfield>
    <subfield code="d">FU</subfield>
    <subfield code="d">DNLM</subfield>
    <subfield code="d">OrU</subfield>
    <subfield code="d">DNLM</subfield>
    <subfield code="d">DLC</subfield>
    <subfield code="d">DNLM</subfield>
  </datafield>
  <datafield tag="130" ind1=" " ind2="0">
    <subfield code="a">Chapman and Hall/CRC mathematical &amp; computational biology series</subfield>
  </datafield>
  <datafield tag="370" ind1=" " ind2=" ">
    <subfield code="g">Boca Raton (Fla.)</subfield>
    <subfield code="2">naf</subfield>
  </datafield>
  <datafield tag="380" ind1=" " ind2=" ">
    <subfield code="a">Monographic series</subfield>
    <subfield code="2">lcsh</subfield>
  </datafield>
  <datafield tag="430" ind1=" " ind2="0">
    <subfield code="w">nne</subfield>
    <subfield code="a">Chapman &amp; Hall/CRC mathematical and computational biology series (Unnumbered)</subfield>
  </datafield>
  <datafield tag="430" ind1=" " ind2="0">
    <subfield code="a">Chapman and Hall/CRC mathematical and computational biology series</subfield>
  </datafield>
  <datafield tag="430" ind1=" " ind2="0">
    <subfield code="a">Mathematical &amp; computational biology series</subfield>
  </datafield>
  <datafield tag="430" ind1=" " ind2="0">
    <subfield code="a">Mathematical and computational biology series</subfield>
  </datafield>
  <datafield tag="430" ind1=" " ind2="0">
    <subfield code="a">Chapman &amp; Hall/CRC mathematical &amp; computational biology series</subfield>
  </datafield>
  <datafield tag="430" ind1=" " ind2="0">
    <subfield code="a">Chapman &amp; Hall/CRC mathematical and computational biology series</subfield>
  </datafield>
  <datafield tag="430" ind1=" " ind2="0">
    <subfield code="a">Chapman &amp; Hall/CRC mathematical and computational biology</subfield>
  </datafield>
  <datafield tag="642" ind1=" " ind2=" ">
    <subfield code="a">10</subfield>
    <subfield code="5">DLC</subfield>
  </datafield>
  <datafield tag="643" ind1=" " ind2=" ">
    <subfield code="a">Boca Raton, FL</subfield>
    <subfield code="b">Chapman &amp; Hall</subfield>
    <subfield code="b">Taylor &amp; Francis</subfield>
  </datafield>
  <datafield tag="644" ind1=" " ind2=" ">
    <subfield code="a">f</subfield>
    <subfield code="5">DLC</subfield>
  </datafield>
  <datafield tag="645" ind1=" " ind2=" ">
    <subfield code="a">t</subfield>
    <subfield code="5">DPCC</subfield>
    <subfield code="5">DLC</subfield>
  </datafield>
  <datafield tag="646" ind1=" " ind2=" ">
    <subfield code="a">s</subfield>
    <subfield code="5">DLC</subfield>
  </datafield>
  <datafield tag="670" ind1=" " ind2=" ">
    <subfield code="a">Introduction to systems biology and the design principles of biological networks, 2006:</subfield>
    <subfield code="b">series t.p. (Chapman and Hall/CRC mathematical and computational biology series) data sheet (C&amp;H/CRC mathematical and computational biology series)</subfield>
  </datafield>
  <datafield tag="670" ind1=" " ind2=" ">
    <subfield code="a">Tel. call to pub., Nov. 16, 2005</subfield>
    <subfield code="b">(Chapman and Hall beginning in the series title will be spelled in full, not abbreviated as given on data sheet; there will be a series t.p.)</subfield>
  </datafield>
  <datafield tag="670" ind1=" " ind2=" ">
    <subfield code="a">Normal mode analysis, 2006:</subfield>
    <subfield code="b">series t.p. (Chapman &amp; Hall/CRC mathematical and computational biology series)</subfield>
  </datafield>
  <datafield tag="670" ind1=" " ind2=" ">
    <subfield code="a">Email from publisher, June 22, 2010</subfield>
    <subfield code="b">(no longer a numbered series)</subfield>
  </datafield>
  <datafield tag="670" ind1=" " ind2=" ">
    <subfield code="a">Clustering in bioinformatics and drug discovery, 2011:</subfield>
    <subfield code="b">ECIP t.p. (Chapman &amp; Hall/CRC mathematical and computational biology series)</subfield>
  </datafield>
  <datafield tag="670" ind1=" " ind2=" ">
    <subfield code="a">Metabolomics, 2020:</subfield>
    <subfield code="b">series t.p. (Chapman &amp; Hall/CRC mathematical and computational biology)</subfield>
  </datafield>
  <datafield tag="953" ind1=" " ind2=" ">
    <subfield code="a">jb11</subfield>
    <subfield code="b">jx03</subfield>
  </datafield>
</record>