
<record>
  <leader>00715cz  a2200181n  4500</leader>
  <controlfield tag="001">6781397</controlfield>
  <controlfield tag="003">DLC</controlfield>
  <controlfield tag="005">20200103135513.0</controlfield>
  <controlfield tag="008">060306n| azannaabn          |n aaa      </controlfield>
  <datafield tag="010" ind1=" " ind2=" ">
    <subfield code="a">n 2006016413</subfield>
  </datafield>
  <datafield tag="040" ind1=" " ind2=" ">
    <subfield code="a">DLC</subfield>
    <subfield code="b">eng</subfield>
    <subfield code="e">rda</subfield>
    <subfield code="c">DLC</subfield>
    <subfield code="d">DLC</subfield>
  </datafield>
  <datafield tag="046" ind1=" " ind2=" ">
    <subfield code="f">1976-06-29</subfield>
    <subfield code="2">edtf</subfield>
  </datafield>
  <datafield tag="053" ind1=" " ind2="0">
    <subfield code="a">PS3611.E765</subfield>
  </datafield>
  <datafield tag="100" ind1="1" ind2=" ">
    <subfield code="a">Kerschbaum, Joseph,</subfield>
    <subfield code="d">1976-</subfield>
  </datafield>
  <datafield tag="378" ind1=" " ind2=" ">
    <subfield code="q">Joseph Frank</subfield>
  </datafield>
  <datafield tag="670" ind1=" " ind2=" ">
    <subfield code="a">Kerschbaum, Joseph. Dead stars have no graves, 2006:</subfield>
    <subfield code="b">ECIP t.p. (Joseph Kerschbaum) data view (Joseph Frank Kerschbaum; b. June 29, 1976)</subfield>
  </datafield>
  <datafield tag="670" ind1=" " ind2=" ">
    <subfield code="a">Mirror box, 2019:</subfield>
    <subfield code="b">t.p. (Joseph Kerschbaum) page 4 of cover (lives in Bloomingon, Indiana; published seven collections of poetry, most recently Distant shores of a split second)</subfield>
  </datafield>
  <datafield tag="953" ind1=" " ind2=" ">
    <subfield code="a">lh22</subfield>
  </datafield>
</record>