
<record>
  <leader>00966cz  a2200241n  4500</leader>
  <controlfield tag="001">6920666</controlfield>
  <controlfield tag="003">DLC</controlfield>
  <controlfield tag="005">20200103160812.0</controlfield>
  <controlfield tag="008">060731n| azannaabn          |b aaa      </controlfield>
  <datafield tag="010" ind1=" " ind2=" ">
    <subfield code="a">n 2006058895</subfield>
  </datafield>
  <datafield tag="035" ind1=" " ind2=" ">
    <subfield code="a">(OCoLC)oca07010448</subfield>
  </datafield>
  <datafield tag="040" ind1=" " ind2=" ">
    <subfield code="a">DLC</subfield>
    <subfield code="b">eng</subfield>
    <subfield code="c">DLC</subfield>
    <subfield code="d">DLC</subfield>
    <subfield code="d">OCoLC</subfield>
    <subfield code="e">rda</subfield>
    <subfield code="d">DLC</subfield>
  </datafield>
  <datafield tag="100" ind1="1" ind2=" ">
    <subfield code="a">Durrī, Z̤iyā al-Dīn</subfield>
  </datafield>
  <datafield tag="400" ind1="1" ind2=" ">
    <subfield code="a">Durri, Ziaaldin</subfield>
  </datafield>
  <datafield tag="400" ind1="1" ind2=" ">
    <subfield code="a">Dorri, Ziaeddin</subfield>
  </datafield>
  <datafield tag="400" ind1="1" ind2=" ">
    <subfield code="a">درى، ضياء الدين</subfield>
  </datafield>
  <datafield tag="500" ind1="1" ind2=" ">
    <subfield code="a">Darrī, Z̤iyāʼ al-Dīn</subfield>
  </datafield>
  <datafield tag="667" ind1=" " ind2=" ">
    <subfield code="a">Machine-derived non-Latin script reference project.</subfield>
  </datafield>
  <datafield tag="667" ind1=" " ind2=" ">
    <subfield code="a">Non-Latin script reference not evaluated.</subfield>
  </datafield>
  <datafield tag="667" ind1=" " ind2=" ">
    <subfield code="a">Cannot identify with: n 2007061614, Darrī, Z̤iyāʼ al-Dīn</subfield>
  </datafield>
  <datafield tag="670" ind1=" " ind2=" ">
    <subfield code="a">Kayf-i Ingilīsī, 2004:</subfield>
    <subfield code="b">container (navīsindah va kārgirdān va tadvīn, Z̤iyā al-Dīn Durrī);  accompanying paperwork (Ziaaldin Durri)</subfield>
  </datafield>
  <datafield tag="670" ind1=" " ind2=" ">
    <subfield code="a">Internet movie database website, July 31, 2006:</subfield>
    <subfield code="b">(Ziaeddin Dorri; film director and writer)</subfield>
  </datafield>
  <datafield tag="953" ind1=" " ind2=" ">
    <subfield code="a">qu22</subfield>
    <subfield code="b">cm03</subfield>
  </datafield>
</record>