
<record>
  <leader>01494cz  a2200301n  4500</leader>
  <controlfield tag="001">6932064</controlfield>
  <controlfield tag="003">DLC</controlfield>
  <controlfield tag="005">20200103073201.0</controlfield>
  <controlfield tag="008">060810n| azannaabn          |a aaa     c</controlfield>
  <datafield tag="010" ind1=" " ind2=" ">
    <subfield code="a">no2006083465</subfield>
  </datafield>
  <datafield tag="016" ind1=" " ind2=" ">
    <subfield code="a">1008L4886E</subfield>
  </datafield>
  <datafield tag="035" ind1=" " ind2=" ">
    <subfield code="a">(OCoLC)oca07019254</subfield>
  </datafield>
  <datafield tag="040" ind1=" " ind2=" ">
    <subfield code="a">PPi-MA</subfield>
    <subfield code="b">eng</subfield>
    <subfield code="e">rda</subfield>
    <subfield code="c">PPi-MA</subfield>
    <subfield code="d">CaOONL</subfield>
  </datafield>
  <datafield tag="042" ind1=" " ind2=" ">
    <subfield code="a">nlc</subfield>
  </datafield>
  <datafield tag="046" ind1=" " ind2=" ">
    <subfield code="f">1970</subfield>
    <subfield code="2">edtf</subfield>
  </datafield>
  <datafield tag="100" ind1="1" ind2=" ">
    <subfield code="a">Van der Schyff, Dylan,</subfield>
    <subfield code="d">1970-</subfield>
  </datafield>
  <datafield tag="370" ind1=" " ind2=" ">
    <subfield code="a">Johannesburg (South Africa)</subfield>
    <subfield code="c">Canada</subfield>
    <subfield code="e">Vancouver (B.C.)</subfield>
    <subfield code="2">naf</subfield>
  </datafield>
  <datafield tag="372" ind1=" " ind2=" ">
    <subfield code="a">Jazz</subfield>
    <subfield code="2">lcsh</subfield>
  </datafield>
  <datafield tag="374" ind1=" " ind2=" ">
    <subfield code="a">Jazz musicians</subfield>
    <subfield code="a">Drummers (Musicians)</subfield>
    <subfield code="2">lcsh</subfield>
  </datafield>
  <datafield tag="400" ind1="1" ind2=" ">
    <subfield code="a">Schyff, Dylan van der,</subfield>
    <subfield code="d">1970-</subfield>
  </datafield>
  <datafield tag="400" ind1="1" ind2=" ">
    <subfield code="a">VanderSchyff, Dylan,</subfield>
    <subfield code="d">1970-</subfield>
  </datafield>
  <datafield tag="670" ind1=" " ind2=" ">
    <subfield code="a">Douglas, D. Mountain passages [SR] p2005:</subfield>
    <subfield code="b">container (Dylan van der Schyff, drums)</subfield>
  </datafield>
  <datafield tag="670" ind1=" " ind2=" ">
    <subfield code="a">All music guide WWW site, Aug. 10, 2006</subfield>
    <subfield code="b">(Dylan van der Schyff; drummer based in Vancouver)</subfield>
  </datafield>
  <datafield tag="670" ind1=" " ind2=" ">
    <subfield code="a">OCLC database, Aug. 10, 2006</subfield>
    <subfield code="b">(hdgs.: Van der Schyff, Dylan; VanderSchyff, Dylan; Schyff, Dylan van der [NLC hdg.])</subfield>
  </datafield>
  <datafield tag="670" ind1=" " ind2=" ">
    <subfield code="a">VancouverJazz.com, Aug. 10, 2006</subfield>
    <subfield code="b">(reprint of Down beat article, July 2001: Dylan van der Schyff; van der Schyff; b. Johannesburg, raised in Canada; 30 years old; drummer)</subfield>
  </datafield>
  <datafield tag="670" ind1=" " ind2=" ">
    <subfield code="a">Banff Centre WWW site, Aug. 10, 2006</subfield>
    <subfield code="b">(Dylan van der Schyff; b. 1970, Johannesburg, South Africa)</subfield>
  </datafield>
  <datafield tag="675" ind1=" " ind2=" ">
    <subfield code="a">Grove music online, Aug. 10, 2006;</subfield>
    <subfield code="a">The Canadian encyclopedia WWW site, Enc. of mus. in Canada, Aug. 10, 2006;</subfield>
    <subfield code="a">Int. ww in pop. mus., 7th ed.</subfield>
  </datafield>
  <datafield tag="700" ind1="1" ind2="6">
    <subfield code="a">Van der Schyff, Dylan,</subfield>
    <subfield code="d">1970-</subfield>
    <subfield code="0">(CaOONL)ncf10465523</subfield>
  </datafield>
</record>