
<record>
  <leader>01012cz  a2200193n  4500</leader>
  <controlfield tag="001">6967046</controlfield>
  <controlfield tag="003">DLC</controlfield>
  <controlfield tag="005">20200103073201.0</controlfield>
  <controlfield tag="008">060918n| azannaabn          |n aaa     c</controlfield>
  <datafield tag="010" ind1=" " ind2=" ">
    <subfield code="a">no2006099122</subfield>
  </datafield>
  <datafield tag="035" ind1=" " ind2=" ">
    <subfield code="a">(OCoLC)oca07054451</subfield>
  </datafield>
  <datafield tag="040" ind1=" " ind2=" ">
    <subfield code="a">IEN</subfield>
    <subfield code="b">eng</subfield>
    <subfield code="e">rda</subfield>
    <subfield code="c">IEN</subfield>
    <subfield code="d">NmU</subfield>
    <subfield code="d">IEN</subfield>
  </datafield>
  <datafield tag="046" ind1=" " ind2=" ">
    <subfield code="f">1970</subfield>
    <subfield code="2">edtf</subfield>
  </datafield>
  <datafield tag="053" ind1=" " ind2="0">
    <subfield code="a">PQ9698.417.O616</subfield>
  </datafield>
  <datafield tag="100" ind1="1" ind2=" ">
    <subfield code="a">Gonçalves, Ana Maria</subfield>
  </datafield>
  <datafield tag="370" ind1=" " ind2=" ">
    <subfield code="a">Minas Gerais (Brazil)</subfield>
    <subfield code="c">United States</subfield>
    <subfield code="c">Brazil</subfield>
    <subfield code="2">naf</subfield>
  </datafield>
  <datafield tag="375" ind1=" " ind2=" ">
    <subfield code="a">Females</subfield>
    <subfield code="2">lcdgt</subfield>
  </datafield>
  <datafield tag="670" ind1=" " ind2=" ">
    <subfield code="a">Um defeito de cor, 2006:</subfield>
    <subfield code="b">t.p. (Ana Maria Gonçalves)</subfield>
  </datafield>
  <datafield tag="670" ind1=" " ind2=" ">
    <subfield code="a">Challenging the Black Atlantic, 2020:</subfield>
    <subfield code="b">ECIP title page (Ana Maria Gonçalves) ECIP galley (Ana Maria Goṅalves (b. 1970). Ana Maria Goṅalves is an Afro-Brazilian writer, speaker, and social commentator whose work includes novels, short stories, and blogs. She was born in the town of Ibì in Minas Gerais, Brazil. Goṅalves lived in New Orleans for seven years, and she continues to write and speak on Afro-Brazilian history and identity in the United States and Brazil)</subfield>
  </datafield>
</record>