
<record>
  <leader>00930cz  a2200181n  4500</leader>
  <controlfield tag="001">6995579</controlfield>
  <controlfield tag="003">DLC</controlfield>
  <controlfield tag="005">20200103073201.0</controlfield>
  <controlfield tag="008">061019n| azannaabn          |n aaa      </controlfield>
  <datafield tag="010" ind1=" " ind2=" ">
    <subfield code="a">n 2006080166</subfield>
  </datafield>
  <datafield tag="035" ind1=" " ind2=" ">
    <subfield code="a">(OCoLC)oca07084071</subfield>
  </datafield>
  <datafield tag="040" ind1=" " ind2=" ">
    <subfield code="a">DLC</subfield>
    <subfield code="b">eng</subfield>
    <subfield code="e">rda</subfield>
    <subfield code="c">DLC</subfield>
    <subfield code="d">DNLM</subfield>
  </datafield>
  <datafield tag="100" ind1="1" ind2=" ">
    <subfield code="a">Ferreres, Alberto R.</subfield>
  </datafield>
  <datafield tag="378" ind1=" " ind2=" ">
    <subfield code="q">Alberto Raul</subfield>
  </datafield>
  <datafield tag="670" ind1=" " ind2=" ">
    <subfield code="a">Ferreres, Alberto R. El consentimiento informado en la práctica quirúrgica, 2006:</subfield>
    <subfield code="b">t.p. (Alberto R. Ferreres)</subfield>
  </datafield>
  <datafield tag="670" ind1=" " ind2=" ">
    <subfield code="a">Surgical ethics, 2019:</subfield>
    <subfield code="b">title page (Alberto R. Ferreres) verso (Department of Surgery, University of Buenos Aires, Buenos Aires, Argentina; Department of Surgery, University of Washington, Seattle, WA, USA)</subfield>
  </datafield>
  <datafield tag="670" ind1=" " ind2=" ">
    <subfield code="a">Bulletin of the American College of Surgeons web site, Dec. 3, 2019:</subfield>
    <subfield code="b">Ferreres page (Prof. Alberto Raul Ferreres, MD, PhD, MPH, FACS)</subfield>
    <subfield code="u">http://bulletin.facs.org/2014/11/citation-for-prof-alberto-raul-ferreres-md-phd-mph-facs/</subfield>
  </datafield>
  <datafield tag="953" ind1=" " ind2=" ">
    <subfield code="a">sg18</subfield>
  </datafield>
</record>