
<record>
  <leader>01296cz  a2200265n  4500</leader>
  <controlfield tag="001">7005601</controlfield>
  <controlfield tag="003">DLC</controlfield>
  <controlfield tag="005">20200103062745.0</controlfield>
  <controlfield tag="008">061030n| azannaabn          |b aaa      </controlfield>
  <datafield tag="010" ind1=" " ind2=" ">
    <subfield code="a">n 2006216653</subfield>
  </datafield>
  <datafield tag="040" ind1=" " ind2=" ">
    <subfield code="a">DLC</subfield>
    <subfield code="b">eng</subfield>
    <subfield code="e">rda</subfield>
    <subfield code="c">DLC</subfield>
    <subfield code="d">DLC</subfield>
  </datafield>
  <datafield tag="046" ind1=" " ind2=" ">
    <subfield code="f">1978-03-17</subfield>
    <subfield code="2">edtf</subfield>
  </datafield>
  <datafield tag="100" ind1="1" ind2=" ">
    <subfield code="a">Iqbāl, G̲h̲az̤anfar,</subfield>
    <subfield code="d">1978-</subfield>
  </datafield>
  <datafield tag="375" ind1=" " ind2=" ">
    <subfield code="a">Males</subfield>
    <subfield code="2">lcdgt</subfield>
  </datafield>
  <datafield tag="377" ind1=" " ind2=" ">
    <subfield code="a">urd</subfield>
  </datafield>
  <datafield tag="400" ind1="0" ind2=" ">
    <subfield code="a">G̲h̲az̤anfar Iqbāl,</subfield>
    <subfield code="d">1978-</subfield>
  </datafield>
  <datafield tag="400" ind1="1" ind2=" ">
    <subfield code="a">Suharvardī, Muḥammad G̲h̲az̤anfar Iqbāl,</subfield>
    <subfield code="d">1978-</subfield>
  </datafield>
  <datafield tag="400" ind1="0" ind2=" ">
    <subfield code="a">Muḥammad G̲h̲az̤anfar Iqbāl Suharvardī,</subfield>
    <subfield code="d">1978-</subfield>
  </datafield>
  <datafield tag="400" ind1="1" ind2=" ">
    <subfield code="a">Iqbāl Suharvardī, Muḥammad G̲h̲az̤anfar,</subfield>
    <subfield code="d">1978-</subfield>
  </datafield>
  <datafield tag="400" ind1="1" ind2=" ">
    <subfield code="a">‏اقبال، غضنفر،‏</subfield>
    <subfield code="d">‏1978-</subfield>
  </datafield>
  <datafield tag="400" ind1="1" ind2=" ">
    <subfield code="a">‏سهروردى، محمّد غضنفر اقبال،‏</subfield>
    <subfield code="d">‏1978-</subfield>
  </datafield>
  <datafield tag="667" ind1=" " ind2=" ">
    <subfield code="a">Non-Latin script references not evaluated.</subfield>
  </datafield>
  <datafield tag="670" ind1=" " ind2=" ">
    <subfield code="a">Iqbāl, G̲h̲az̤anfar. Urdū afsānah 1980 ke baʻd, 2006:</subfield>
    <subfield code="b">t.p. (Ḍākṭar G̲h̲az̤anfar Iqbāl) p. 226 (b. March 17, 1978, Muḥammad G̲h̲az̤anfar Iqbāl Suharvardī)</subfield>
  </datafield>
  <datafield tag="670" ind1=" " ind2=" ">
    <subfield code="a">An kahī bāten̲, 2011:</subfield>
    <subfield code="b">t.p. (G̲h̲az̤anfar Iqbāl = غضنفر اقبال)</subfield>
  </datafield>
  <datafield tag="670" ind1=" " ind2=" ">
    <subfield code="a">Maʻnī-yi maz̤mūn, 2010:</subfield>
    <subfield code="b">t.p. (G̲h̲az̤anfar Iqbāl) p. 120 (Muḥammad G̲h̲az̤anfar Iqbāl Suharvardī = محمّد غضنفر اقبال سهروردى)</subfield>
  </datafield>
</record>