
<record>
  <leader>01053cz  a2200193n  4500</leader>
  <controlfield tag="001">7046694</controlfield>
  <controlfield tag="003">DLC</controlfield>
  <controlfield tag="005">20200103073201.0</controlfield>
  <controlfield tag="008">061213n| acannaabn          |a ana      </controlfield>
  <datafield tag="010" ind1=" " ind2=" ">
    <subfield code="a">nr2006032599</subfield>
    <subfield code="z">nr 94004552 </subfield>
  </datafield>
  <datafield tag="035" ind1=" " ind2=" ">
    <subfield code="a">(OCoLC)oca07280609</subfield>
  </datafield>
  <datafield tag="040" ind1=" " ind2=" ">
    <subfield code="a">DLC-R</subfield>
    <subfield code="b">eng</subfield>
    <subfield code="c">DLC-R</subfield>
    <subfield code="d">DLC</subfield>
    <subfield code="d">InU</subfield>
  </datafield>
  <datafield tag="111" ind1="2" ind2=" ">
    <subfield code="a">Zhonghua Minguo shi zhuan ti tao lun hui</subfield>
    <subfield code="n">(9th :</subfield>
    <subfield code="d">2007 :</subfield>
    <subfield code="c">Guo jia tu shu guan, Taipei, Taiwan)</subfield>
  </datafield>
  <datafield tag="411" ind1="2" ind2=" ">
    <subfield code="a">中華民國史專題討論會</subfield>
    <subfield code="n">(9th :</subfield>
    <subfield code="d">2007 :</subfield>
    <subfield code="c">Guo jia tu shu guan, Taipei, Taiwan)</subfield>
  </datafield>
  <datafield tag="667" ind1=" " ind2=" ">
    <subfield code="a">Non-Latin script reference not evaluated.</subfield>
  </datafield>
  <datafield tag="670" ind1=" " ind2=" ">
    <subfield code="a">Zhan hou dang an yu li shi yan jiu, 2008:</subfield>
    <subfield code="b">page vii (conference held Nov. 29-30, 2007 at Guo jia tu shu guan)</subfield>
  </datafield>
  <datafield tag="670" ind1=" " ind2=" ">
    <subfield code="a">Er shi shi ji Taiwan min zhu fa zhan, 2004:</subfield>
    <subfield code="b">pref. (7th Zhonghua Minguo shi zhuan ti tao lun hui, held Oct., 2003 at Guo jia tu shu guan)</subfield>
  </datafield>
  <datafield tag="670" ind1=" " ind2=" ">
    <subfield code="a">Zhonghua Minguo shi zhuan ti lun wen ji, 1992:</subfield>
    <subfield code="b">t.p. (Di yi jie tao lun hui) p. 1, 1st group, etc. (Zhonghua Minguo shi zhuan ti di yi jie tao lun hui; sponsored by Guo shi guan; held Aug. 6-8, 1992)</subfield>
  </datafield>
  <datafield tag="953" ind1=" " ind2=" ">
    <subfield code="b">ta30</subfield>
  </datafield>
</record>