
<record>
  <leader>01535cz  a2200277n  4500</leader>
  <controlfield tag="001">7052047</controlfield>
  <controlfield tag="003">DLC</controlfield>
  <controlfield tag="005">20200103073203.0</controlfield>
  <controlfield tag="008">061219n| azannaabn          |a aaa     c</controlfield>
  <datafield tag="010" ind1=" " ind2=" ">
    <subfield code="a">no2006135262</subfield>
  </datafield>
  <datafield tag="016" ind1=" " ind2=" ">
    <subfield code="a">1032L1535E</subfield>
  </datafield>
  <datafield tag="035" ind1=" " ind2=" ">
    <subfield code="a">(OCoLC)oca07282704</subfield>
  </datafield>
  <datafield tag="040" ind1=" " ind2=" ">
    <subfield code="a">NNU-L</subfield>
    <subfield code="b">eng</subfield>
    <subfield code="e">rda</subfield>
    <subfield code="c">NNU-L</subfield>
    <subfield code="d">CaOONL</subfield>
  </datafield>
  <datafield tag="042" ind1=" " ind2=" ">
    <subfield code="a">nlc</subfield>
  </datafield>
  <datafield tag="100" ind1="1" ind2=" ">
    <subfield code="a">Langille, Brian</subfield>
  </datafield>
  <datafield tag="370" ind1=" " ind2=" ">
    <subfield code="a">Nova Scotia</subfield>
    <subfield code="2">naf</subfield>
  </datafield>
  <datafield tag="372" ind1=" " ind2=" ">
    <subfield code="a">Law--Study and teaching (Higher)</subfield>
    <subfield code="2">lcsh</subfield>
  </datafield>
  <datafield tag="373" ind1=" " ind2=" ">
    <subfield code="a">University of Toronto. Faculty of Law</subfield>
    <subfield code="2">naf</subfield>
    <subfield code="s">1983</subfield>
  </datafield>
  <datafield tag="374" ind1=" " ind2=" ">
    <subfield code="a">Law teachers</subfield>
    <subfield code="2">lcsh</subfield>
  </datafield>
  <datafield tag="377" ind1=" " ind2=" ">
    <subfield code="a">eng</subfield>
  </datafield>
  <datafield tag="510" ind1="2" ind2=" ">
    <subfield code="w">r</subfield>
    <subfield code="i">corporate body:</subfield>
    <subfield code="a">Labour Law Casebook Group</subfield>
    <subfield code="0">(DLC)n  86094206</subfield>
  </datafield>
  <datafield tag="670" ind1=" " ind2=" ">
    <subfield code="a">Boundaries and frontiers of labour law, 2006:</subfield>
    <subfield code="b">t.p. (Brian Langille) p. ix (prof. of law, Faculty of Law, Univ. of Toronto)</subfield>
  </datafield>
  <datafield tag="670" ind1=" " ind2=" ">
    <subfield code="a">Univ. of Toronto Faculty of Law WWW site, Dec. 19, 2006</subfield>
    <subfield code="b">(Brian Langille, Fac. of Law, Univ. of Toronto; native of Nova Scotia; LL. B., Dalhousie Law Sch.; B.C.L., Oxford)</subfield>
  </datafield>
  <datafield tag="675" ind1=" " ind2=" ">
    <subfield code="a">Amicus WWW catalog, Dec. 19, 2006</subfield>
  </datafield>
  <datafield tag="670" ind1=" " ind2=" ">
    <subfield code="a">Labour and employment law, 2018:</subfield>
    <subfield code="b">title page (compiled by a group of teachers of labour and employment law known as the Labour Law Casebook Group) page iii (The labour Law Casebook Group: Brian Langille, University of Toronto)</subfield>
  </datafield>
  <datafield tag="670" ind1=" " ind2=" ">
    <subfield code="a">University of Toronto, Faculty of Law website, viewed January 2, 2020</subfield>
    <subfield code="b">(Brian Langille; professor; started at the Faculty of Law at the University of Toronto in 1983, becoming full professor in 1989)</subfield>
    <subfield code="u">https://www.law.utoronto.ca/faculty-staff/full-time-faculty/brian-langille</subfield>
  </datafield>
</record>