
<record>
  <leader>02221cz  a2200325n  4500</leader>
  <controlfield tag="001">7100620</controlfield>
  <controlfield tag="003">DLC</controlfield>
  <controlfield tag="005">20200103073142.0</controlfield>
  <controlfield tag="008">070219n| azannaabn          |a aaa     c</controlfield>
  <datafield tag="010" ind1=" " ind2=" ">
    <subfield code="a">nb2007004574</subfield>
  </datafield>
  <datafield tag="035" ind1=" " ind2=" ">
    <subfield code="a">(OCoLC)oca07334485</subfield>
  </datafield>
  <datafield tag="040" ind1=" " ind2=" ">
    <subfield code="a">Uk</subfield>
    <subfield code="b">eng</subfield>
    <subfield code="e">rda</subfield>
    <subfield code="c">Uk</subfield>
    <subfield code="d">DLC</subfield>
    <subfield code="d">ICTU</subfield>
  </datafield>
  <datafield tag="046" ind1=" " ind2=" ">
    <subfield code="f">1211~</subfield>
    <subfield code="g">1290~</subfield>
    <subfield code="2">edtf</subfield>
  </datafield>
  <datafield tag="100" ind1="0" ind2=" ">
    <subfield code="a">Ida,</subfield>
    <subfield code="c">of Louvain,</subfield>
    <subfield code="d">approximately 1211-approximately 1290</subfield>
  </datafield>
  <datafield tag="368" ind1=" " ind2=" ">
    <subfield code="c">Visionaries</subfield>
    <subfield code="c">Mystics</subfield>
    <subfield code="c">Women mystics</subfield>
    <subfield code="c">Hermits</subfield>
    <subfield code="c">Women hermits</subfield>
    <subfield code="c">Stigmatics</subfield>
    <subfield code="2">lcsh</subfield>
  </datafield>
  <datafield tag="370" ind1=" " ind2=" ">
    <subfield code="a">Louvain (Belgium)</subfield>
    <subfield code="c">Belgium</subfield>
    <subfield code="f">Brabant (Duchy)</subfield>
    <subfield code="f">Brabant (Belgium)</subfield>
    <subfield code="f">Sint-Katelijne-Waver</subfield>
    <subfield code="2">naf</subfield>
  </datafield>
  <datafield tag="372" ind1=" " ind2=" ">
    <subfield code="a">Holiness</subfield>
    <subfield code="a">Lord&apos;s Supper--Catholic Church</subfield>
    <subfield code="2">lcsh</subfield>
  </datafield>
  <datafield tag="373" ind1=" " ind2=" ">
    <subfield code="a">Catholic Church</subfield>
    <subfield code="a">Cistercians</subfield>
    <subfield code="2">naf</subfield>
  </datafield>
  <datafield tag="374" ind1=" " ind2=" ">
    <subfield code="a">Nuns</subfield>
    <subfield code="a">Cistercian nuns</subfield>
    <subfield code="a">Beguines</subfield>
    <subfield code="2">lcsh</subfield>
  </datafield>
  <datafield tag="400" ind1="0" ind2=" ">
    <subfield code="a">Ida,</subfield>
    <subfield code="c">of Louvain, Saint,</subfield>
    <subfield code="d">approximately 1211-approximately 1290</subfield>
  </datafield>
  <datafield tag="400" ind1="0" ind2=" ">
    <subfield code="w">nnea</subfield>
    <subfield code="a">Ida,</subfield>
    <subfield code="c">van Leuven, Saint,</subfield>
    <subfield code="d">approximately 1211-approximately 1290</subfield>
  </datafield>
  <datafield tag="400" ind1="0" ind2=" ">
    <subfield code="w">nnea</subfield>
    <subfield code="a">Ida,</subfield>
    <subfield code="c">van Leuven, Saint,</subfield>
    <subfield code="d">ca. 1211-ca. 1290</subfield>
  </datafield>
  <datafield tag="400" ind1="1" ind2=" ">
    <subfield code="a">Leuven, Ida van,</subfield>
    <subfield code="d">approximately 1211-approximately 1290</subfield>
  </datafield>
  <datafield tag="400" ind1="1" ind2=" ">
    <subfield code="a">Leuven, Ida van,</subfield>
    <subfield code="c">Saint,</subfield>
    <subfield code="d">approximately 1211-approximately 1290</subfield>
  </datafield>
  <datafield tag="400" ind1="1" ind2=" ">
    <subfield code="a">Louvain, Ida of,</subfield>
    <subfield code="d">approximately 1211-approximately 1290</subfield>
  </datafield>
  <datafield tag="400" ind1="1" ind2=" ">
    <subfield code="a">Louvain, Ida of,</subfield>
    <subfield code="c">Saint,</subfield>
    <subfield code="d">approximately 1211-approximately 1290</subfield>
  </datafield>
  <datafield tag="670" ind1=" " ind2=" ">
    <subfield code="a">Ida van Leuven (ca. 1211-ca. 1290), c2006</subfield>
  </datafield>
  <datafield tag="670" ind1=" " ind2=" ">
    <subfield code="a">Patron saints index, 19 Feb. 2007:</subfield>
    <subfield code="b">(hdg.: Ida of Louvain; Cistercian Benedictine nun at Rossendael near Malines; visionary; died ca. 1300)</subfield>
  </datafield>
  <datafield tag="670" ind1=" " ind2=" ">
    <subfield code="a">Ida of Louvain: medieval Cistercian nun, 1990 :</subfield>
    <subfield code="b">page [i] (known to us mainly in her life as a Béguine prior to entering the Order ... her love for the Eucharist) page 1 (Cistercian nun of Val-des-Roses)</subfield>
  </datafield>
  <datafield tag="670" ind1=" " ind2=" ">
    <subfield code="a">Wikipedia (Jan. 2, 2020)</subfield>
    <subfield code="b">Ida of Louvain article (officially commemorated in the Catholic Church as blessed ... born into a well-to-do family in Leuven, Duchy of Brabant (now Belgium) ... first was an anchoress ... later a nun in the Cistercian Abbey of Roosendael (the Valley of the Roses) in what is now Sint-Katelijne-Waver ... died with a reputation for sanctity ... was said to have experienced stigmata and mystical graces, including miraculous visions)</subfield>
    <subfield code="u">https://en.wikipedia.org/wiki/Ida_of_Louvain</subfield>
  </datafield>
</record>