
<record>
  <leader>00945cz  a2200253n  4500</leader>
  <controlfield tag="001">7166106</controlfield>
  <controlfield tag="003">DLC</controlfield>
  <controlfield tag="005">20200103073143.0</controlfield>
  <controlfield tag="008">070430n| azannaabn          |a aaa      </controlfield>
  <datafield tag="010" ind1=" " ind2=" ">
    <subfield code="a">n 2007030275</subfield>
  </datafield>
  <datafield tag="035" ind1=" " ind2=" ">
    <subfield code="a">(OCoLC)oca07397684</subfield>
  </datafield>
  <datafield tag="040" ind1=" " ind2=" ">
    <subfield code="a">DLC</subfield>
    <subfield code="b">eng</subfield>
    <subfield code="e">rda</subfield>
    <subfield code="c">DLC</subfield>
    <subfield code="d">GVaS</subfield>
  </datafield>
  <datafield tag="100" ind1="1" ind2=" ">
    <subfield code="a">Rieppel, Lukas</subfield>
  </datafield>
  <datafield tag="370" ind1=" " ind2=" ">
    <subfield code="c">United States</subfield>
    <subfield code="e">Providence (R.I.)</subfield>
    <subfield code="2">naf</subfield>
  </datafield>
  <datafield tag="372" ind1=" " ind2=" ">
    <subfield code="a">Education, Higher</subfield>
    <subfield code="a">History</subfield>
    <subfield code="a">Editing</subfield>
    <subfield code="2">lcsh</subfield>
  </datafield>
  <datafield tag="373" ind1=" " ind2=" ">
    <subfield code="a">Brown University</subfield>
    <subfield code="2">naf</subfield>
  </datafield>
  <datafield tag="374" ind1=" " ind2=" ">
    <subfield code="a">College teachers</subfield>
    <subfield code="a">Authors</subfield>
    <subfield code="a">Editors</subfield>
    <subfield code="2">lcsh</subfield>
  </datafield>
  <datafield tag="375" ind1=" " ind2=" ">
    <subfield code="a">Males</subfield>
    <subfield code="2">lcdgt</subfield>
  </datafield>
  <datafield tag="377" ind1=" " ind2=" ">
    <subfield code="a">eng</subfield>
  </datafield>
  <datafield tag="510" ind1="2" ind2=" ">
    <subfield code="w">r</subfield>
    <subfield code="i">Employer:</subfield>
    <subfield code="a">Brown University</subfield>
  </datafield>
  <datafield tag="670" ind1=" " ind2=" ">
    <subfield code="a">Shards of memory, c2007:</subfield>
    <subfield code="b">ECIP t.p. [name not given]</subfield>
  </datafield>
  <datafield tag="670" ind1=" " ind2=" ">
    <subfield code="a">E-mail from the publisher, Apr. 30, 2007</subfield>
    <subfield code="b">(associate editor of Shards of memory, Lukas Rieppel)</subfield>
  </datafield>
  <datafield tag="670" ind1=" " ind2=" ">
    <subfield code="a">Assembling the dinosaur, 2019:</subfield>
    <subfield code="b">back flap (Lukas Rieppel is the David and Michelle Ebersman Assistant Professor of History at Brown University)</subfield>
  </datafield>
  <datafield tag="953" ind1=" " ind2=" ">
    <subfield code="a">ye20</subfield>
  </datafield>
</record>