
<record>
  <leader>00880cz  a2200193n  4500</leader>
  <controlfield tag="001">7219646</controlfield>
  <controlfield tag="003">DLC</controlfield>
  <controlfield tag="005">20200103073143.0</controlfield>
  <controlfield tag="008">070627n| azannaabn          |n aaa      </controlfield>
  <datafield tag="010" ind1=" " ind2=" ">
    <subfield code="a">nb2007015169</subfield>
  </datafield>
  <datafield tag="035" ind1=" " ind2=" ">
    <subfield code="a">(Uk)006837819</subfield>
  </datafield>
  <datafield tag="035" ind1=" " ind2=" ">
    <subfield code="a">(OCoLC)oca07450677</subfield>
  </datafield>
  <datafield tag="040" ind1=" " ind2=" ">
    <subfield code="a">Uk</subfield>
    <subfield code="b">eng</subfield>
    <subfield code="e">rda</subfield>
    <subfield code="c">Uk</subfield>
    <subfield code="d">DLC</subfield>
    <subfield code="d">IAhCCS</subfield>
  </datafield>
  <datafield tag="046" ind1=" " ind2=" ">
    <subfield code="f">1928-03-15</subfield>
    <subfield code="g">2015-02-27</subfield>
    <subfield code="2">edtf</subfield>
  </datafield>
  <datafield tag="100" ind1="1" ind2=" ">
    <subfield code="a">Szatkowska, Anna,</subfield>
    <subfield code="d">1928-2015</subfield>
  </datafield>
  <datafield tag="670" ind1=" " ind2=" ">
    <subfield code="a">Był dom... , 2006</subfield>
    <subfield code="b">t.p. (Anna Szatkowska)</subfield>
  </datafield>
  <datafield tag="670" ind1=" " ind2=" ">
    <subfield code="a">BL database, 26 June 2007</subfield>
    <subfield code="b">(hdg.: Szatkowska, Anna, 1928-)</subfield>
  </datafield>
  <datafield tag="670" ind1=" " ind2=" ">
    <subfield code="a">Był dom ... 2013:</subfield>
    <subfield code="b">cover p. 4 (Anna Szatkowska-Rosset-Bugnon)</subfield>
  </datafield>
  <datafield tag="670" ind1=" " ind2=" ">
    <subfield code="a">Wikipedia, viewed Jan. 2, 2020</subfield>
    <subfield code="b">(Anna Szatkowska (born 15 March 1928, died 27 February 2015) was a World War II member of the Polish Home Army which she joined at the age of 16 to help in liberating Warsaw from German occupation)</subfield>
    <subfield code="u">https://en.wikipedia.org/wiki/Anna_Szatkowska</subfield>
  </datafield>
</record>