
<record>
  <leader>01826cz  a2200301n  4500</leader>
  <controlfield tag="001">7229872</controlfield>
  <controlfield tag="003">DLC</controlfield>
  <controlfield tag="005">20200103073144.0</controlfield>
  <controlfield tag="008">070620n| azannaabn          |a aaa     c</controlfield>
  <datafield tag="010" ind1=" " ind2=" ">
    <subfield code="a">no2007076316</subfield>
  </datafield>
  <datafield tag="035" ind1=" " ind2=" ">
    <subfield code="a">(OCoLC)oca07458473</subfield>
  </datafield>
  <datafield tag="040" ind1=" " ind2=" ">
    <subfield code="a">PSt</subfield>
    <subfield code="b">eng</subfield>
    <subfield code="e">rda</subfield>
    <subfield code="c">PSt</subfield>
    <subfield code="d">NNFr</subfield>
    <subfield code="d">ScU</subfield>
    <subfield code="d">GVaS</subfield>
  </datafield>
  <datafield tag="100" ind1="1" ind2=" ">
    <subfield code="a">Hockley, Rujeko</subfield>
  </datafield>
  <datafield tag="370" ind1=" " ind2=" ">
    <subfield code="c">United States</subfield>
    <subfield code="f">Brooklyn (New York, N.Y.)</subfield>
    <subfield code="2">naf</subfield>
  </datafield>
  <datafield tag="371" ind1=" " ind2=" ">
    <subfield code="m">rujeck.hockley@brooklynmuseum.org</subfield>
  </datafield>
  <datafield tag="372" ind1=" " ind2=" ">
    <subfield code="a">Art museums--Curatorship</subfield>
    <subfield code="a">Art, Modern--21st century</subfield>
    <subfield code="2">lcsh</subfield>
  </datafield>
  <datafield tag="373" ind1=" " ind2=" ">
    <subfield code="a">Whitney Museum of American Art</subfield>
    <subfield code="2">naf</subfield>
    <subfield code="s">2017</subfield>
  </datafield>
  <datafield tag="373" ind1=" " ind2=" ">
    <subfield code="a">Brooklyn Museum</subfield>
    <subfield code="2">naf</subfield>
  </datafield>
  <datafield tag="373" ind1=" " ind2=" ">
    <subfield code="a">Studio Museum in Harlem</subfield>
    <subfield code="2">naf</subfield>
  </datafield>
  <datafield tag="373" ind1=" " ind2=" ">
    <subfield code="a">Columbia University</subfield>
    <subfield code="2">naf</subfield>
  </datafield>
  <datafield tag="374" ind1=" " ind2=" ">
    <subfield code="a">Art museum curators</subfield>
    <subfield code="2">lcsh</subfield>
  </datafield>
  <datafield tag="375" ind1=" " ind2=" ">
    <subfield code="a">Females</subfield>
    <subfield code="2">lcdgt</subfield>
  </datafield>
  <datafield tag="377" ind1=" " ind2=" ">
    <subfield code="a">eng</subfield>
  </datafield>
  <datafield tag="510" ind1="2" ind2=" ">
    <subfield code="w">r</subfield>
    <subfield code="i">Employer:</subfield>
    <subfield code="a">Whitney Museum of American Art</subfield>
  </datafield>
  <datafield tag="670" ind1=" " ind2=" ">
    <subfield code="a">Africacomics, c2006:</subfield>
    <subfield code="b">t.p. verso (publication organized by ... Rujeko Hockley) p. 275 (Curatorial Assistant, Studio Museum in Harlem)</subfield>
  </datafield>
  <datafield tag="670" ind1=" " ind2=" ">
    <subfield code="a">Crossing Brooklyn, 2014:</subfield>
    <subfield code="b">ECIP t.p. (Rujeko Hockley) data view (Assistant Curator of Contemporary Art, Brooklyn Museum; email: rujeck.hockley@brooklynmuseum.org)</subfield>
  </datafield>
  <datafield tag="670" ind1=" " ind2=" ">
    <subfield code="a">Whitney Museum of American Art web site, December 11, 2018:</subfield>
    <subfield code="b">(Rujeko Hockley joined the Whitney&apos;s staff as an assistant curator in March 2017 ; Previously, Hockley was assistant curator of contemporary art at the Brooklyn Museum)</subfield>
    <subfield code="u">https://whitney.org/2019-biennial-curators</subfield>
  </datafield>
  <datafield tag="670" ind1=" " ind2=" ">
    <subfield code="a">Cultured Magazine web site, December 11, 2018:</subfield>
    <subfield code="b">(Hockley has been advancing those inquiries since studying art history at Columbia University. She held curatorial roles at two New York institutions, the Studio Museum in Harlem and the Brooklyn Museum, before becoming assistant curator at the Whitney Museum of American Art in March)</subfield>
    <subfield code="u">https://www.culturedmag.com/rujeko-hockley/</subfield>
  </datafield>
</record>