
<record>
  <leader>02478cz  a2200385n  4500</leader>
  <controlfield tag="001">7231955</controlfield>
  <controlfield tag="003">DLC</controlfield>
  <controlfield tag="005">20200103142719.0</controlfield>
  <controlfield tag="008">070710n| azannaabn          |a aaa     c</controlfield>
  <datafield tag="010" ind1=" " ind2=" ">
    <subfield code="a">nr2007011986</subfield>
    <subfield code="z">n  87124940 </subfield>
    <subfield code="z">no2009019391</subfield>
  </datafield>
  <datafield tag="035" ind1=" " ind2=" ">
    <subfield code="a">(OCoLC)oca07463264</subfield>
    <subfield code="z">(OCoLC)oca01932872</subfield>
  </datafield>
  <datafield tag="040" ind1=" " ind2=" ">
    <subfield code="a">CtY-N</subfield>
    <subfield code="b">eng</subfield>
    <subfield code="c">CtY-N</subfield>
    <subfield code="d">PU-ME</subfield>
    <subfield code="e">rda</subfield>
    <subfield code="d">OCoLC</subfield>
    <subfield code="d">DLC</subfield>
    <subfield code="d">HU</subfield>
    <subfield code="d">DLC</subfield>
    <subfield code="d">DLC</subfield>
  </datafield>
  <datafield tag="046" ind1=" " ind2=" ">
    <subfield code="f">1944-08-19</subfield>
    <subfield code="2">edtf</subfield>
  </datafield>
  <datafield tag="100" ind1="1" ind2=" ">
    <subfield code="a">Bū Ṣafṣāf, ʻAbd al-Karīm</subfield>
  </datafield>
  <datafield tag="370" ind1=" " ind2=" ">
    <subfield code="a">Firjīwah, Mīlah</subfield>
  </datafield>
  <datafield tag="373" ind1=" " ind2=" ">
    <subfield code="a">Jāmiʻat Mantūrī Qusanṭīnah</subfield>
    <subfield code="a">al-Jāmiʻah al-Ifrīqīyah Adrār</subfield>
  </datafield>
  <datafield tag="374" ind1=" " ind2=" ">
    <subfield code="a">Professor</subfield>
  </datafield>
  <datafield tag="400" ind1="1" ind2=" ">
    <subfield code="a">ʻAbd al-Karīm, Bū al-Ṣafṣāf</subfield>
  </datafield>
  <datafield tag="400" ind1="0" ind2=" ">
    <subfield code="a">Bū al-Ṣafṣāf ʻAbd al-Karīm</subfield>
  </datafield>
  <datafield tag="400" ind1="1" ind2=" ">
    <subfield code="a">عبد الكريم، بو الصفصاف</subfield>
  </datafield>
  <datafield tag="400" ind1="1" ind2=" ">
    <subfield code="a">Būṣafṣāf, ʻAbd al-Karīm</subfield>
  </datafield>
  <datafield tag="400" ind1="1" ind2=" ">
    <subfield code="a">بو صفصاف، عبد الكريم</subfield>
  </datafield>
  <datafield tag="400" ind1="1" ind2=" ">
    <subfield code="a">Abū Ṣifṣāf, ʻAbd al-Karīm</subfield>
  </datafield>
  <datafield tag="400" ind1="1" ind2=" ">
    <subfield code="a">أبو صفصاف، عبد الكريم</subfield>
  </datafield>
  <datafield tag="400" ind1="1" ind2=" ">
    <subfield code="a">Abū Ṣafṣāf, ʻAbd al-Karīm</subfield>
  </datafield>
  <datafield tag="400" ind1="1" ind2=" ">
    <subfield code="a">Abū Ṣufṣāf, ʻAbd al-Karīm</subfield>
  </datafield>
  <datafield tag="667" ind1=" " ind2=" ">
    <subfield code="a">Machine-derived non-Latin script reference project.</subfield>
  </datafield>
  <datafield tag="667" ind1=" " ind2=" ">
    <subfield code="a">Non-Latin script reference not evaluated.</subfield>
  </datafield>
  <datafield tag="670" ind1=" " ind2=" ">
    <subfield code="a">al-Fikr al-ʻArabī al-ḥadīth wa-al-muʻāṣir, 2005-:</subfield>
    <subfield code="b">v. 1, t.p. (D. ʻAbd al-Karīm Bū Ṣafṣāf)</subfield>
  </datafield>
  <datafield tag="670" ind1=" " ind2=" ">
    <subfield code="a">Tārīkh al-Jazāʼir al-ḥadīth wa-al-muʻāṣir, 2013:</subfield>
    <subfield code="b">title page (al-Duktūr ʻAbd al-Karīm Bū Ṣafṣāf, ustādh al-taʻlīm al-ʻālī wa-al-baḥth al-ʻilmī jāmiʻatay Mantūrī Qusanṭīnah wa-al-Jāmiʻah al-Ifrīqīyah Adrār)</subfield>
  </datafield>
  <datafield tag="670" ind1=" " ind2=" ">
    <subfield code="a">al-Fikr al-ʻArabī al-ḥadīth wa-al-muʻāṣir, 2009:</subfield>
    <subfield code="b">title page (U.D. ʻAbd al-Karīm Bū Ṣafṣāf) page 4 of cover (born 19/08/1944 in Firjīwah, Mīlah)</subfield>
  </datafield>
  <datafield tag="670" ind1=" " ind2=" ">
    <subfield code="a">nuc87-88677: His Jamʻīyat al-ʻUlamāʼ al-Muslimīm ... 1981</subfield>
    <subfield code="b">(hdg. on NjP rept.: ʻAbd al-Karīm, Bū al-Ṣafṣāf; usage: Bū al-Ṣafṣāf ʻAbd al-Karīm)</subfield>
  </datafield>
  <datafield tag="670" ind1=" " ind2=" ">
    <subfield code="a">Jamʻīyat al-ʻUlamāʼ al-Muslimīn al-Jazāʾirīyīn, 2009</subfield>
    <subfield code="b">(al-Duktūr ʻAbd al-Karīm Bū al-Ṣafṣāf [part. voc.], ustādh al-taʻlīm al-ʻālī, Jām. Mantūrī Qusanṭīnah sābiqan, al-Jām. al-Afrīqīyah Aḥmad Dirāyah Adrār ḥāliyan)</subfield>
  </datafield>
  <datafield tag="670" ind1=" " ind2=" ">
    <subfield code="a">Ḥarakat Muḥammad ʻAbduh wa-ʻAbd al-Ḥamīd ibn Bādīs, 2007-2008:</subfield>
    <subfield code="b">v. 1, t.p. (عبد الكريم أبو صفصاف = ʻAbd al-Karīm Abū Ṣifṣāf)</subfield>
  </datafield>
  <datafield tag="953" ind1=" " ind2=" ">
    <subfield code="b">we51</subfield>
  </datafield>
</record>