
<record>
  <leader>01199cz  a2200229n  4500</leader>
  <controlfield tag="001">7434000</controlfield>
  <controlfield tag="003">DLC</controlfield>
  <controlfield tag="005">20200103073157.0</controlfield>
  <controlfield tag="008">080214n| azannaabn          |a aaa     c</controlfield>
  <datafield tag="010" ind1=" " ind2=" ">
    <subfield code="a">no2008023975</subfield>
  </datafield>
  <datafield tag="035" ind1=" " ind2=" ">
    <subfield code="a">(OCoLC)oca07656692</subfield>
  </datafield>
  <datafield tag="040" ind1=" " ind2=" ">
    <subfield code="a">OCU-Mu</subfield>
    <subfield code="b">eng</subfield>
    <subfield code="e">rda</subfield>
    <subfield code="c">OCU-Mu</subfield>
    <subfield code="d">DLC</subfield>
    <subfield code="d">PPi-MA</subfield>
  </datafield>
  <datafield tag="046" ind1=" " ind2=" ">
    <subfield code="k">[1792/1803?]</subfield>
    <subfield code="2">edtf</subfield>
  </datafield>
  <datafield tag="100" ind1="1" ind2=" ">
    <subfield code="a">Fiala, Joseph,</subfield>
    <subfield code="d">1748-1816.</subfield>
    <subfield code="t">Partitas,</subfield>
    <subfield code="m">English horns (2), clarinets (2), horns (2), bassoon,</subfield>
    <subfield code="n">WV 5.92,</subfield>
    <subfield code="r">E♭ major</subfield>
  </datafield>
  <datafield tag="380" ind1=" " ind2=" ">
    <subfield code="a">Chamber music</subfield>
    <subfield code="2">lcgft</subfield>
  </datafield>
  <datafield tag="382" ind1="0" ind2=" ">
    <subfield code="a">English horn</subfield>
    <subfield code="n">2</subfield>
    <subfield code="a">clarinet</subfield>
    <subfield code="n">2</subfield>
    <subfield code="a">horn</subfield>
    <subfield code="n">2</subfield>
    <subfield code="a">bassoon</subfield>
    <subfield code="n">1</subfield>
    <subfield code="s">7</subfield>
    <subfield code="2">lcmpt</subfield>
  </datafield>
  <datafield tag="383" ind1=" " ind2=" ">
    <subfield code="c">WV 5.92</subfield>
    <subfield code="d">Reinländer</subfield>
    <subfield code="2">mlati</subfield>
  </datafield>
  <datafield tag="384" ind1="0" ind2=" ">
    <subfield code="a">E♭ major</subfield>
  </datafield>
  <datafield tag="400" ind1="1" ind2=" ">
    <subfield code="a">Fiala, Joseph,</subfield>
    <subfield code="d">1748-1816.</subfield>
    <subfield code="t">Divertimenti,</subfield>
    <subfield code="m">English horns (2), clarinets (2), horns (2), bassoon,</subfield>
    <subfield code="n">WV 5.92,</subfield>
    <subfield code="r">E♭ major</subfield>
  </datafield>
  <datafield tag="400" ind1="1" ind2=" ">
    <subfield code="w">nnea</subfield>
    <subfield code="a">Fiala, Joseph,</subfield>
    <subfield code="d">1748-1816.</subfield>
    <subfield code="t">Partitas,</subfield>
    <subfield code="m">woodwinds, horns (2),</subfield>
    <subfield code="n">WV 5.92,</subfield>
    <subfield code="r">E♭ major</subfield>
  </datafield>
  <datafield tag="670" ind1=" " ind2=" ">
    <subfield code="a">Fiala, J. Divertimenti VII-XI for 2 English horns (2 clarinets), bassoon (bass clarinet) and 2 horns, before ca. 1792? c2007:</subfield>
    <subfield code="b">p. 44 (Divertimento XI = Divertimento IV &quot;Parthia&quot; in ms.)</subfield>
  </datafield>
  <datafield tag="670" ind1=" " ind2=" ">
    <subfield code="a">Reinländer, C. Joseph Fiala, 2. erw. Aufl.</subfield>
    <subfield code="b">(5.92, Parthia in Dis IV a corno inglisse primo... ; 2Eh 2Kla 2Hn Fg; 1792-1803?)</subfield>
  </datafield>
</record>