
<record>
  <leader>00498cz  a2200181n  4500</leader>
  <controlfield tag="001">7519798</controlfield>
  <controlfield tag="003">DLC</controlfield>
  <controlfield tag="005">20200103102933.0</controlfield>
  <controlfield tag="008">080423|| anannbabn          |n ana      </controlfield>
  <datafield tag="010" ind1=" " ind2=" ">
    <subfield code="a">sh2008117826</subfield>
  </datafield>
  <datafield tag="035" ind1=" " ind2=" ">
    <subfield code="a">(DLC)396548</subfield>
  </datafield>
  <datafield tag="035" ind1=" " ind2=" ">
    <subfield code="a">(DLC)sh2008117826</subfield>
  </datafield>
  <datafield tag="040" ind1=" " ind2=" ">
    <subfield code="a">DLC</subfield>
    <subfield code="b">eng</subfield>
    <subfield code="c">DLC</subfield>
  </datafield>
  <datafield tag="150" ind1=" " ind2=" ">
    <subfield code="a">Generals</subfield>
    <subfield code="z">Austria</subfield>
    <subfield code="v">Biography.</subfield>
  </datafield>
  <datafield tag="667" ind1=" " ind2=" ">
    <subfield code="a">Record generated for validation purposes.</subfield>
  </datafield>
  <datafield tag="670" ind1=" " ind2=" ">
    <subfield code="a">Work cat.: Valdštejn a evropská politika, 1625-1630, 1999</subfield>
  </datafield>
  <datafield tag="906" ind1=" " ind2=" ">
    <subfield code="t">8888</subfield>
    <subfield code="u">te00</subfield>
    <subfield code="v">0</subfield>
  </datafield>
  <datafield tag="953" ind1=" " ind2=" ">
    <subfield code="a">te00</subfield>
  </datafield>
</record>