
<record>
  <leader>01213cz  a2200349n  4500</leader>
  <controlfield tag="001">7535790</controlfield>
  <controlfield tag="003">DLC</controlfield>
  <controlfield tag="005">20200103073158.0</controlfield>
  <controlfield tag="008">080505n| azannaabn          |b aaa      </controlfield>
  <datafield tag="010" ind1=" " ind2=" ">
    <subfield code="a">n 2007226792</subfield>
  </datafield>
  <datafield tag="035" ind1=" " ind2=" ">
    <subfield code="a">(OCoLC)oca07761474</subfield>
  </datafield>
  <datafield tag="040" ind1=" " ind2=" ">
    <subfield code="a">DLC</subfield>
    <subfield code="b">eng</subfield>
    <subfield code="c">DLC</subfield>
    <subfield code="d">OCoLC</subfield>
    <subfield code="d">DLC</subfield>
    <subfield code="e">rda</subfield>
    <subfield code="d">MH</subfield>
  </datafield>
  <datafield tag="046" ind1=" " ind2=" ">
    <subfield code="f">1936</subfield>
  </datafield>
  <datafield tag="100" ind1="0" ind2=" ">
    <subfield code="a">Tuoling,</subfield>
    <subfield code="d">1936-</subfield>
  </datafield>
  <datafield tag="370" ind1=" " ind2=" ">
    <subfield code="a">Perak</subfield>
    <subfield code="c">Malaysia</subfield>
  </datafield>
  <datafield tag="375" ind1=" " ind2=" ">
    <subfield code="a">male</subfield>
  </datafield>
  <datafield tag="377" ind1=" " ind2=" ">
    <subfield code="a">chi</subfield>
  </datafield>
  <datafield tag="400" ind1="0" ind2=" ">
    <subfield code="a">Laolong,</subfield>
    <subfield code="d">1936-</subfield>
  </datafield>
  <datafield tag="400" ind1="1" ind2=" ">
    <subfield code="a">Li, Fei,</subfield>
    <subfield code="d">1936-</subfield>
  </datafield>
  <datafield tag="400" ind1="0" ind2=" ">
    <subfield code="a">Kanshan,</subfield>
    <subfield code="d">1936-</subfield>
  </datafield>
  <datafield tag="400" ind1="1" ind2=" ">
    <subfield code="a">Hujia,</subfield>
    <subfield code="d">1936-</subfield>
  </datafield>
  <datafield tag="400" ind1="1" ind2=" ">
    <subfield code="a">Pi, Yangqiu,</subfield>
    <subfield code="d">1936-</subfield>
  </datafield>
  <datafield tag="400" ind1="1" ind2=" ">
    <subfield code="a">Peng, Longfei,</subfield>
    <subfield code="d">1936-</subfield>
  </datafield>
  <datafield tag="400" ind1="0" ind2=" ">
    <subfield code="a">駝鈴,</subfield>
    <subfield code="d">1936-</subfield>
  </datafield>
  <datafield tag="400" ind1="0" ind2=" ">
    <subfield code="a">驼铃,</subfield>
    <subfield code="d">1936-</subfield>
  </datafield>
  <datafield tag="400" ind1="1" ind2=" ">
    <subfield code="a">彭龙飞,</subfield>
    <subfield code="d">1936-</subfield>
  </datafield>
  <datafield tag="667" ind1=" " ind2=" ">
    <subfield code="a">Machine-derived non-Latin script reference project.</subfield>
  </datafield>
  <datafield tag="667" ind1=" " ind2=" ">
    <subfield code="a">Non-Latin script references not evaluated.</subfield>
  </datafield>
  <datafield tag="667" ind1=" " ind2=" ">
    <subfield code="a">Non-Latin script references reviewed in NACO CJK Funnel References Project.</subfield>
  </datafield>
  <datafield tag="670" ind1=" " ind2=" ">
    <subfield code="a">Ai yi shen chen, 2006:</subfield>
    <subfield code="b">t.p. (Tuoling) front flap (pseud.: Laolong, Lifei, Kanshan, Hujia, Pi Yangqiu; orig. name, Peng Longfei; b. 1936 in Perak, Malaysia)</subfield>
  </datafield>
  <datafield tag="670" ind1=" " ind2=" ">
    <subfield code="a">LC database, January 2, 2020</subfield>
    <subfield code="b">(access point: 驼铃, 1936- = Tuoling, 1936- ; usage: 驼铃 = Tuoling)</subfield>
  </datafield>
  <datafield tag="953" ind1=" " ind2=" ">
    <subfield code="a">wj14</subfield>
  </datafield>
</record>