
<record>
  <leader>00483cz  a2200145n  4500</leader>
  <controlfield tag="001">7594955</controlfield>
  <controlfield tag="003">DLC</controlfield>
  <controlfield tag="005">20200103150125.0</controlfield>
  <controlfield tag="008">080714n| azannaabn          |a aaa      </controlfield>
  <datafield tag="010" ind1=" " ind2=" ">
    <subfield code="a">n 2008216286</subfield>
  </datafield>
  <datafield tag="040" ind1=" " ind2=" ">
    <subfield code="a">DLC</subfield>
    <subfield code="b">eng</subfield>
    <subfield code="e">rda</subfield>
    <subfield code="c">DLC</subfield>
    <subfield code="d">DLC</subfield>
  </datafield>
  <datafield tag="100" ind1="1" ind2=" ">
    <subfield code="a">Toffano, Jaci</subfield>
  </datafield>
  <datafield tag="400" ind1="1" ind2=" ">
    <subfield code="a">Toffano, Maria Jaci</subfield>
  </datafield>
  <datafield tag="670" ind1=" " ind2=" ">
    <subfield code="a">As pianistas dos anos 1920 e a geração jet-lag, c2007:</subfield>
    <subfield code="b">t.p. (Jaci Toffano) t.p. verso (Braz. CIP Hdg.: Toffano, Maria Jaci) front flap (prof. de música da UnB)</subfield>
  </datafield>
  <datafield tag="953" ind1=" " ind2=" ">
    <subfield code="a">wr11</subfield>
  </datafield>
</record>