
<record>
  <leader>00856cz  a2200217n  4500</leader>
  <controlfield tag="001">7602324</controlfield>
  <controlfield tag="003">DLC</controlfield>
  <controlfield tag="005">20200103013906.0</controlfield>
  <controlfield tag="008">080721n| azannaabn          |a ana     c</controlfield>
  <datafield tag="010" ind1=" " ind2=" ">
    <subfield code="a">no2008105221</subfield>
    <subfield code="z">n 2008219865</subfield>
  </datafield>
  <datafield tag="035" ind1=" " ind2=" ">
    <subfield code="a">(OCoLC)oca07826346</subfield>
  </datafield>
  <datafield tag="040" ind1=" " ind2=" ">
    <subfield code="a">WU</subfield>
    <subfield code="b">eng</subfield>
    <subfield code="c">WU</subfield>
    <subfield code="d">DLC</subfield>
    <subfield code="e">rda</subfield>
  </datafield>
  <datafield tag="110" ind1="2" ind2=" ">
    <subfield code="a">Pustaka Rumah Kebun</subfield>
  </datafield>
  <datafield tag="368" ind1=" " ind2=" ">
    <subfield code="a">Publisher</subfield>
  </datafield>
  <datafield tag="371" ind1=" " ind2=" ">
    <subfield code="a">Jln. Tulodong Bawah I no. 15, Kebayoran Baru</subfield>
    <subfield code="b">Jakarta</subfield>
    <subfield code="d">Indonesia</subfield>
    <subfield code="e">12190</subfield>
    <subfield code="m">rubun@indo.net.id</subfield>
  </datafield>
  <datafield tag="377" ind1=" " ind2=" ">
    <subfield code="a">ind</subfield>
  </datafield>
  <datafield tag="410" ind1="2" ind2=" ">
    <subfield code="a">Pustaka Rumahkebun</subfield>
  </datafield>
  <datafield tag="670" ind1=" " ind2=" ">
    <subfield code="a">Desain interior, 2007:</subfield>
    <subfield code="b">t.p.verso (Pustaka Rumah Kebun)</subfield>
  </datafield>
  <datafield tag="670" ind1=" " ind2=" ">
    <subfield code="a">Rumah hijau, 2009:</subfield>
    <subfield code="b">t.p. verso (Pustaka Rumahkebun) back flap (loc.: Jakarta)</subfield>
  </datafield>
  <datafield tag="670" ind1=" " ind2=" ">
    <subfield code="a">Rumah tinggal, 2017:</subfield>
    <subfield code="b">t.p. verso (Pustaka Rumahkebun; address: Jln. Tulodong Bawah I no. 15, Kebayoran Baru, Jakarta Selatan 12190, Indonesia; email: rubun@indo.net.id)</subfield>
  </datafield>
  <datafield tag="953" ind1=" " ind2=" ">
    <subfield code="b">wj19</subfield>
  </datafield>
</record>