
<record>
  <leader>01671cz  a2200289n  4500</leader>
  <controlfield tag="001">7662896</controlfield>
  <controlfield tag="003">DLC</controlfield>
  <controlfield tag="005">20200103073152.0</controlfield>
  <controlfield tag="008">080922n| azannaabn          |a aaa     c</controlfield>
  <datafield tag="010" ind1=" " ind2=" ">
    <subfield code="a">no2008138327</subfield>
  </datafield>
  <datafield tag="035" ind1=" " ind2=" ">
    <subfield code="a">(OCoLC)oca07885430</subfield>
  </datafield>
  <datafield tag="040" ind1=" " ind2=" ">
    <subfield code="a">NmU</subfield>
    <subfield code="b">eng</subfield>
    <subfield code="e">rda</subfield>
    <subfield code="c">NmU</subfield>
    <subfield code="d">ViFGM</subfield>
    <subfield code="d">GVaS</subfield>
  </datafield>
  <datafield tag="046" ind1=" " ind2=" ">
    <subfield code="f">1966</subfield>
    <subfield code="2">edtf</subfield>
  </datafield>
  <datafield tag="100" ind1="1" ind2=" ">
    <subfield code="a">Guagnini, Nicolás</subfield>
  </datafield>
  <datafield tag="370" ind1=" " ind2=" ">
    <subfield code="a">Buenos Aires (Argentina)</subfield>
    <subfield code="e">Harlem (New York, N.Y.)</subfield>
    <subfield code="2">naf</subfield>
  </datafield>
  <datafield tag="372" ind1=" " ind2=" ">
    <subfield code="a">Art, Modern--21st century</subfield>
    <subfield code="a">Motion picture authorship</subfield>
    <subfield code="a">Authorship</subfield>
    <subfield code="2">lcsh</subfield>
  </datafield>
  <datafield tag="373" ind1=" " ind2=" ">
    <subfield code="a">Greenwich House (Organisation)</subfield>
    <subfield code="2">naf</subfield>
  </datafield>
  <datafield tag="373" ind1=" " ind2=" ">
    <subfield code="a">Orchard (Gallery : New York, N.Y.)</subfield>
    <subfield code="2">naf</subfield>
  </datafield>
  <datafield tag="373" ind1=" " ind2=" ">
    <subfield code="a">Union Gaucha Productions</subfield>
  </datafield>
  <datafield tag="374" ind1=" " ind2=" ">
    <subfield code="a">Artists</subfield>
    <subfield code="a">Motion picture producers and directors</subfield>
    <subfield code="a">Authors</subfield>
    <subfield code="2">lcsh</subfield>
  </datafield>
  <datafield tag="375" ind1=" " ind2=" ">
    <subfield code="a">Males</subfield>
    <subfield code="2">lcdgt</subfield>
  </datafield>
  <datafield tag="377" ind1=" " ind2=" ">
    <subfield code="a">eng</subfield>
  </datafield>
  <datafield tag="510" ind1="2" ind2=" ">
    <subfield code="w">r</subfield>
    <subfield code="i">Founded corporate body of person:</subfield>
    <subfield code="a">Orchard (Gallery : New York, N.Y.)</subfield>
  </datafield>
  <datafield tag="670" ind1=" " ind2=" ">
    <subfield code="a">Kacero, c2007:</subfield>
    <subfield code="b">p. 146 (Nicolás Guagnini; b. in Buenos Aires, lives in Harlem, New York)</subfield>
  </datafield>
  <datafield tag="670" ind1=" " ind2=" ">
    <subfield code="a">Leap second, 2014:</subfield>
    <subfield code="b">page 7 (Nicolás Guagnini)</subfield>
  </datafield>
  <datafield tag="670" ind1=" " ind2=" ">
    <subfield code="a">Dan Graham: Beyond, 2009:</subfield>
    <subfield code="b">title page (Nicolás Guagnini)</subfield>
  </datafield>
  <datafield tag="670" ind1=" " ind2=" ">
    <subfield code="a">Greenwich House website, viewed December 9, 2019</subfield>
    <subfield code="b">(Contemporary artist, writer and filmmaker Nicolás Guagnini works across disciplines to engage with concepts of labor, capital and masculinity. He is resident artist at Greenwich House. In addition to his individual art practice, Guagnini co-founded the cooperative gallery Orchard in New York&apos;s Lower East Side and the experimental film company Union Gaucha Productions. He was born in Buenos Aries in 1966 and has lived and worked in New York since 1998)</subfield>
    <subfield code="u">https://www.greenwichhouse.org/person/nicolas-guagnini/</subfield>
  </datafield>
</record>