
<record>
  <leader>00588cz  a2200145n  4500</leader>
  <controlfield tag="001">7705946</controlfield>
  <controlfield tag="003">DLC</controlfield>
  <controlfield tag="005">20200103073152.0</controlfield>
  <controlfield tag="008">081105n| acannaabn          |n aaa     c</controlfield>
  <datafield tag="010" ind1=" " ind2=" ">
    <subfield code="a">no2008163330</subfield>
  </datafield>
  <datafield tag="035" ind1=" " ind2=" ">
    <subfield code="a">(OCoLC)oca07927640</subfield>
  </datafield>
  <datafield tag="040" ind1=" " ind2=" ">
    <subfield code="a">MiFliG</subfield>
    <subfield code="b">eng</subfield>
    <subfield code="c">MiFliG</subfield>
    <subfield code="d">MnU</subfield>
  </datafield>
  <datafield tag="100" ind1="1" ind2=" ">
    <subfield code="a">Denavit, J.</subfield>
  </datafield>
  <datafield tag="667" ind1=" " ind2=" ">
    <subfield code="a">Reported to LC for deletion in favor of n 2012012601, January 2, 2020. --MnU</subfield>
  </datafield>
  <datafield tag="670" ind1=" " ind2=" ">
    <subfield code="a">Velocity, acceleration, and static-force analyses of spatial linkages, 1965:</subfield>
    <subfield code="b">cover (J. Denavit, Professor of Mechanical Engineering and Astronautical Sciences, Northwestern University, Evanston, Ill.)</subfield>
  </datafield>
</record>