
<record>
  <leader>00664cz  a2200217n  4500</leader>
  <controlfield tag="001">7730223</controlfield>
  <controlfield tag="003">DLC</controlfield>
  <controlfield tag="005">20200103073152.0</controlfield>
  <controlfield tag="008">081201n| azannaabn          |n aaa     c</controlfield>
  <datafield tag="010" ind1=" " ind2=" ">
    <subfield code="a">no2008177575</subfield>
  </datafield>
  <datafield tag="016" ind1=" " ind2=" ">
    <subfield code="a">1019L5939E</subfield>
  </datafield>
  <datafield tag="035" ind1=" " ind2=" ">
    <subfield code="a">(OCoLC)oca07952133</subfield>
  </datafield>
  <datafield tag="040" ind1=" " ind2=" ">
    <subfield code="a">CSt</subfield>
    <subfield code="b">eng</subfield>
    <subfield code="e">rda</subfield>
    <subfield code="c">CSt</subfield>
    <subfield code="d">CaOONL</subfield>
  </datafield>
  <datafield tag="042" ind1=" " ind2=" ">
    <subfield code="a">nlc</subfield>
  </datafield>
  <datafield tag="046" ind1=" " ind2=" ">
    <subfield code="f">1979</subfield>
    <subfield code="2">edtf</subfield>
  </datafield>
  <datafield tag="100" ind1="1" ind2=" ">
    <subfield code="a">Ramsey, Luke,</subfield>
    <subfield code="d">1979-</subfield>
  </datafield>
  <datafield tag="370" ind1=" " ind2=" ">
    <subfield code="c">Canada</subfield>
    <subfield code="2">naf</subfield>
  </datafield>
  <datafield tag="377" ind1=" " ind2=" ">
    <subfield code="a">eng</subfield>
  </datafield>
  <datafield tag="670" ind1=" " ind2=" ">
    <subfield code="a">Mebemewebe, 2007?</subfield>
    <subfield code="b">colophon (Luke Ramsey)</subfield>
  </datafield>
  <datafield tag="670" ind1=" " ind2=" ">
    <subfield code="a">OCLC search, Dec. 1, 2008:</subfield>
    <subfield code="b">(LAC hdg: Ramsey, Luke, 1979-; usage: Luke Ramsey)</subfield>
  </datafield>
  <datafield tag="670" ind1=" " ind2=" ">
    <subfield code="a">Canadiana, January 2, 2020</subfield>
    <subfield code="b">(access point: Ramsey, Luke, 1979-; born 1979; Canadian)</subfield>
  </datafield>
</record>