
<record>
  <leader>00691cz  a2200169n  4500</leader>
  <controlfield tag="001">7736062</controlfield>
  <controlfield tag="003">DLC</controlfield>
  <controlfield tag="005">20200103125632.0</controlfield>
  <controlfield tag="008">081208n| acannaabn          |a ana      </controlfield>
  <datafield tag="010" ind1=" " ind2=" ">
    <subfield code="a">n 2008082316</subfield>
  </datafield>
  <datafield tag="040" ind1=" " ind2=" ">
    <subfield code="a">DLC</subfield>
    <subfield code="b">eng</subfield>
    <subfield code="c">DLC</subfield>
    <subfield code="d">DLC</subfield>
  </datafield>
  <datafield tag="110" ind1="2" ind2=" ">
    <subfield code="a">Université des sciences et techniques de Lille.</subfield>
    <subfield code="b">Espace culture</subfield>
  </datafield>
  <datafield tag="410" ind1="2" ind2=" ">
    <subfield code="a">Université de Lille--sciences et technologies.</subfield>
    <subfield code="b">Espace culture</subfield>
  </datafield>
  <datafield tag="410" ind1="2" ind2=" ">
    <subfield code="a">Espace culture (Lille, France)</subfield>
  </datafield>
  <datafield tag="670" ind1=" " ind2=" ">
    <subfield code="a">Que cachent nos émotions?, c2007:</subfield>
    <subfield code="b">cover p. 4 (Espace culture de l&apos;Université des sciences et techniques de Lille)</subfield>
  </datafield>
  <datafield tag="670" ind1=" " ind2=" ">
    <subfield code="a">Mémoires en mutation, 2019:</subfield>
    <subfield code="b">(espace culture de l&apos;Université de Lille--Sciences et technologies)</subfield>
  </datafield>
  <datafield tag="953" ind1=" " ind2=" ">
    <subfield code="a">bd22</subfield>
  </datafield>
</record>