
<record>
  <leader>03063cz  a2200385n  4500</leader>
  <controlfield tag="001">7740579</controlfield>
  <controlfield tag="003">DLC</controlfield>
  <controlfield tag="005">20200103145242.0</controlfield>
  <controlfield tag="008">081211n| azannaabn          |a aaa     c</controlfield>
  <datafield tag="010" ind1=" " ind2=" ">
    <subfield code="a">no2008183349</subfield>
  </datafield>
  <datafield tag="035" ind1=" " ind2=" ">
    <subfield code="a">(OCoLC)oca07962811</subfield>
  </datafield>
  <datafield tag="040" ind1=" " ind2=" ">
    <subfield code="a">CSt</subfield>
    <subfield code="b">eng</subfield>
    <subfield code="e">rda</subfield>
    <subfield code="c">CSt</subfield>
    <subfield code="d">CSt</subfield>
    <subfield code="d">DLC</subfield>
  </datafield>
  <datafield tag="046" ind1=" " ind2=" ">
    <subfield code="f">1971-10-01</subfield>
    <subfield code="2">edtf</subfield>
  </datafield>
  <datafield tag="100" ind1="1" ind2=" ">
    <subfield code="a">Gómez Rendón, Jorge Arsenio</subfield>
  </datafield>
  <datafield tag="370" ind1=" " ind2=" ">
    <subfield code="a">Quito (Ecuador)</subfield>
    <subfield code="2">naf</subfield>
  </datafield>
  <datafield tag="370" ind1=" " ind2=" ">
    <subfield code="e">Quito (Ecuador)</subfield>
    <subfield code="2">naf</subfield>
  </datafield>
  <datafield tag="370" ind1=" " ind2=" ">
    <subfield code="f">Guayaquil (Ecuador)</subfield>
    <subfield code="2">naf</subfield>
  </datafield>
  <datafield tag="370" ind1=" " ind2=" ">
    <subfield code="f">Amsterdam (Netherlands)</subfield>
    <subfield code="2">naf</subfield>
  </datafield>
  <datafield tag="371" ind1=" " ind2=" ">
    <subfield code="m">j.a.gomezrendon@uva.nl</subfield>
  </datafield>
  <datafield tag="371" ind1=" " ind2=" ">
    <subfield code="m">gomezrendon@hotmail.com</subfield>
  </datafield>
  <datafield tag="372" ind1=" " ind2=" ">
    <subfield code="a">Interdisciplinary studies of the Andean cultures</subfield>
  </datafield>
  <datafield tag="372" ind1=" " ind2=" ">
    <subfield code="a">Cultural patrimony</subfield>
  </datafield>
  <datafield tag="372" ind1=" " ind2=" ">
    <subfield code="a">Indigenous languages</subfield>
  </datafield>
  <datafield tag="373" ind1=" " ind2=" ">
    <subfield code="a">Amsterdam Centre for Language and Communication</subfield>
    <subfield code="s">2009</subfield>
  </datafield>
  <datafield tag="373" ind1=" " ind2=" ">
    <subfield code="a">Pontificia Universidad Católica del Ecuador, Escuela de Antropología</subfield>
    <subfield code="2">naf</subfield>
  </datafield>
  <datafield tag="373" ind1=" " ind2=" ">
    <subfield code="a">Universidad de las Artes (Ecuador), Escuela de Literatura</subfield>
  </datafield>
  <datafield tag="374" ind1=" " ind2=" ">
    <subfield code="a">Professor</subfield>
    <subfield code="a">Researcher</subfield>
    <subfield code="a">Anthropologist</subfield>
    <subfield code="a">Linguist</subfield>
  </datafield>
  <datafield tag="375" ind1=" " ind2=" ">
    <subfield code="a">Males</subfield>
    <subfield code="2">lcdgt</subfield>
  </datafield>
  <datafield tag="377" ind1=" " ind2=" ">
    <subfield code="a">eng</subfield>
    <subfield code="a">spa</subfield>
  </datafield>
  <datafield tag="400" ind1="1" ind2=" ">
    <subfield code="a">Rendón, Jorge Arsenio Gómez</subfield>
  </datafield>
  <datafield tag="670" ind1=" " ind2=" ">
    <subfield code="a">Typological and social constraints on language contact, c2008:</subfield>
    <subfield code="b">v. 1, t.p. (Jorge Arsenio Gómez Rendón) v. 1, cover (Jorge Gómez Rendón)</subfield>
  </datafield>
  <datafield tag="670" ind1=" " ind2=" ">
    <subfield code="a">Ecuador en las páginas de &quot;Le tour du monde,&quot; 2011:</subfield>
    <subfield code="b">t.p. (Jorge Gómez Rendón)</subfield>
  </datafield>
  <datafield tag="670" ind1=" " ind2=" ">
    <subfield code="a">University of Amsterdam WWW site, January 8, 2019:</subfield>
    <subfield code="b">page of dr. J.A. (Jorge) Gomez Rendon (works on indigenous languages of Ecuador) CV (Jorge Arsenio Gómez Rendón; professor who has been affiliated with several universities including the Escuela de Antropología, Pontificia Universidad Católica del Ecuador, Quito; researcher affiliated with the Amsterdam Centre for Language and Communication, Department of Theoretical Linguistics, University of Amsterdam, The Netherlands; b. Oct. 1, 1971; author of several works including Typological and social constraints on language contact and Ecuador en las páginas de Le tour du monde; j.a.gomezrendon@uva.nl; gomezrendon@hotmail.com)</subfield>
    <subfield code="u">http://www.uva.nl/en/profile/g/o/j.a.gomezrendon/j.a.gomezrendon.html</subfield>
  </datafield>
  <datafield tag="670" ind1=" " ind2=" ">
    <subfield code="a">Repensar el arte, 2017:</subfield>
    <subfield code="b">title page (Jorge Gómez Rendón) cover front flap (born 1971 in Quito; studied linguistics and anthropology, Pontificia Universidad Católica (Quito); master&apos;s in interdisciplinary studies of the Andean cultures, Universidad Andina Simón Bolívar; Ph.D. in linguistic theory, University of Amsterdam; researcher who has been specializing in indigenous languages and cultural patrimony since 2004; researcher affiliated with the Amsterdam Centre for Language and Communication since 2009)</subfield>
  </datafield>
  <datafield tag="670" ind1=" " ind2=" ">
    <subfield code="a">Repensar la interculturalidad, 2017:</subfield>
    <subfield code="b">title page (Jorge Gómez Rendón) cover front flap (born 1971 in Quito; researcher affiliated with the Amsterdam Centre for Language and Communication since 2009; professor currently affiliated with the Escuela de Literatura and the Director de Investigación y Posgrado of the Universidad de las Artes in Guayaquil)</subfield>
  </datafield>
</record>