
<record>
  <leader>00412cz  a2200145n  4500</leader>
  <controlfield tag="001">7824062</controlfield>
  <controlfield tag="003">DLC</controlfield>
  <controlfield tag="005">20200103121102.0</controlfield>
  <controlfield tag="008">090313n| azannaabn          |n aaa      </controlfield>
  <datafield tag="010" ind1=" " ind2=" ">
    <subfield code="a">nb2009006825</subfield>
  </datafield>
  <datafield tag="035" ind1=" " ind2=" ">
    <subfield code="a">(OCoLC)oca08046281</subfield>
  </datafield>
  <datafield tag="040" ind1=" " ind2=" ">
    <subfield code="a">Uk</subfield>
    <subfield code="b">eng</subfield>
    <subfield code="c">Uk</subfield>
    <subfield code="e">rda</subfield>
    <subfield code="d">IEN</subfield>
    <subfield code="d">DLC</subfield>
  </datafield>
  <datafield tag="046" ind1=" " ind2=" ">
    <subfield code="f">1985</subfield>
    <subfield code="2">edtf</subfield>
  </datafield>
  <datafield tag="100" ind1="1" ind2=" ">
    <subfield code="a">Lazić, Viktor,</subfield>
    <subfield code="d">1985-</subfield>
  </datafield>
  <datafield tag="670" ind1=" " ind2=" ">
    <subfield code="a">Tumaranje zemljom osmeha, 2008:</subfield>
    <subfield code="b">t.p. (Viktor Lazić) back cover (born 1985)</subfield>
  </datafield>
</record>