
<record>
  <leader>01049cz  a2200253n  4500</leader>
  <controlfield tag="001">7843508</controlfield>
  <controlfield tag="003">DLC</controlfield>
  <controlfield tag="005">20200103073256.0</controlfield>
  <controlfield tag="008">090401n| azannaabn          |a aaa     c</controlfield>
  <datafield tag="010" ind1=" " ind2=" ">
    <subfield code="a">no2009050218</subfield>
  </datafield>
  <datafield tag="035" ind1=" " ind2=" ">
    <subfield code="a">(OCoLC)oca08063992</subfield>
  </datafield>
  <datafield tag="040" ind1=" " ind2=" ">
    <subfield code="a">NcD</subfield>
    <subfield code="b">eng</subfield>
    <subfield code="e">rda</subfield>
    <subfield code="c">NcD</subfield>
    <subfield code="d">DNLM</subfield>
    <subfield code="d">GVaS</subfield>
  </datafield>
  <datafield tag="046" ind1=" " ind2=" ">
    <subfield code="f">1972</subfield>
    <subfield code="2">edtf</subfield>
  </datafield>
  <datafield tag="100" ind1="1" ind2=" ">
    <subfield code="a">Milanich, Nara B.,</subfield>
    <subfield code="d">1972-</subfield>
  </datafield>
  <datafield tag="370" ind1=" " ind2=" ">
    <subfield code="c">United States</subfield>
    <subfield code="e">New York (N.Y.)</subfield>
    <subfield code="2">naf</subfield>
  </datafield>
  <datafield tag="372" ind1=" " ind2=" ">
    <subfield code="a">Education, Higher</subfield>
    <subfield code="a">History</subfield>
    <subfield code="a">Families</subfield>
    <subfield code="a">Gender expression</subfield>
    <subfield code="a">Children</subfield>
    <subfield code="2">lcsh</subfield>
  </datafield>
  <datafield tag="373" ind1=" " ind2=" ">
    <subfield code="a">Barnard College</subfield>
    <subfield code="2">naf</subfield>
  </datafield>
  <datafield tag="374" ind1=" " ind2=" ">
    <subfield code="a">College teachers</subfield>
    <subfield code="a">Authors</subfield>
    <subfield code="2">lcsh</subfield>
  </datafield>
  <datafield tag="375" ind1=" " ind2=" ">
    <subfield code="a">Females</subfield>
    <subfield code="2">lcdgt</subfield>
  </datafield>
  <datafield tag="377" ind1=" " ind2=" ">
    <subfield code="a">eng</subfield>
  </datafield>
  <datafield tag="510" ind1="2" ind2=" ">
    <subfield code="w">r</subfield>
    <subfield code="i">Employer:</subfield>
    <subfield code="a">Columbia University</subfield>
  </datafield>
  <datafield tag="670" ind1=" " ind2=" ">
    <subfield code="a">Children of fate, 2009:</subfield>
    <subfield code="b">ECIP t.p. (Nara B. Milanich) ECIP data view (b. 1972)</subfield>
  </datafield>
  <datafield tag="670" ind1=" " ind2=" ">
    <subfield code="a">OCLC database, April 1, 2009:</subfield>
    <subfield code="b">(heading: Milanich, Nara B. ; usage: Nara B. Milanich)</subfield>
  </datafield>
  <datafield tag="670" ind1=" " ind2=" ">
    <subfield code="a">Paternity, 2019:</subfield>
    <subfield code="b">back flap (Nara B. Milanich is professor of history at Barnard College, Columbia University, where she teaches courses on the history of family, gender, and childhood)</subfield>
  </datafield>
</record>