
<record>
  <leader>00443cz  a2200133n  4500</leader>
  <controlfield tag="001">7851201</controlfield>
  <controlfield tag="003">DLC</controlfield>
  <controlfield tag="005">20200103073257.0</controlfield>
  <controlfield tag="008">090408n| azannaabn          |n ana     c</controlfield>
  <datafield tag="010" ind1=" " ind2=" ">
    <subfield code="a">no2009054660</subfield>
  </datafield>
  <datafield tag="035" ind1=" " ind2=" ">
    <subfield code="a">(OCoLC)oca08071444</subfield>
  </datafield>
  <datafield tag="040" ind1=" " ind2=" ">
    <subfield code="a">MH</subfield>
    <subfield code="b">eng</subfield>
    <subfield code="c">MH</subfield>
    <subfield code="e">rda</subfield>
    <subfield code="d">DLC-S</subfield>
  </datafield>
  <datafield tag="110" ind1="2" ind2=" ">
    <subfield code="a">FIKIRA (Association)</subfield>
  </datafield>
  <datafield tag="670" ind1=" " ind2=" ">
    <subfield code="a">Revue africaine (Paris, France), déc. 2006:</subfield>
    <subfield code="b">cover p. 1 (FIKIRA ... association ... qui a pour but de vulgariser la pensée africaine ...)</subfield>
  </datafield>
</record>