
<record>
  <leader>01580cz  a2200265n  4500</leader>
  <controlfield tag="001">7889928</controlfield>
  <controlfield tag="003">DLC</controlfield>
  <controlfield tag="005">20200103073259.0</controlfield>
  <controlfield tag="008">090514n| azannaabn          |a aaa     c</controlfield>
  <datafield tag="010" ind1=" " ind2=" ">
    <subfield code="a">no2009074529</subfield>
  </datafield>
  <datafield tag="035" ind1=" " ind2=" ">
    <subfield code="a">(OCoLC)oca08109111</subfield>
  </datafield>
  <datafield tag="040" ind1=" " ind2=" ">
    <subfield code="a">OBgU-MA</subfield>
    <subfield code="b">eng</subfield>
    <subfield code="e">rda</subfield>
    <subfield code="c">OBgU-MA</subfield>
    <subfield code="d">DLC</subfield>
    <subfield code="d">MnSST</subfield>
  </datafield>
  <datafield tag="100" ind1="1" ind2=" ">
    <subfield code="a">Goodman, Jessica</subfield>
    <subfield code="c">(Pastor and musician)</subfield>
  </datafield>
  <datafield tag="370" ind1=" " ind2=" ">
    <subfield code="e">Lakeland (Fla.)</subfield>
    <subfield code="f">Bartow (Fla.)</subfield>
    <subfield code="2">naf</subfield>
  </datafield>
  <datafield tag="372" ind1=" " ind2=" ">
    <subfield code="a">Music--Performance</subfield>
    <subfield code="2">lcsh</subfield>
  </datafield>
  <datafield tag="372" ind1=" " ind2=" ">
    <subfield code="a">Missions</subfield>
    <subfield code="2">naf</subfield>
  </datafield>
  <datafield tag="374" ind1=" " ind2=" ">
    <subfield code="a">Pastor and musician</subfield>
  </datafield>
  <datafield tag="374" ind1=" " ind2=" ">
    <subfield code="a">Musicians</subfield>
    <subfield code="a">Clergy</subfield>
    <subfield code="2">lcdgt</subfield>
  </datafield>
  <datafield tag="375" ind1=" " ind2=" ">
    <subfield code="a">Females</subfield>
    <subfield code="2">lcdgt</subfield>
  </datafield>
  <datafield tag="400" ind1="1" ind2=" ">
    <subfield code="w">nne</subfield>
    <subfield code="a">Rogers, Jessie</subfield>
    <subfield code="c">(Musician)</subfield>
  </datafield>
  <datafield tag="670" ind1=" " ind2=" ">
    <subfield code="a">Rogers, J. Out of the fire [SR] p2002:</subfield>
    <subfield code="b">label (Jessie Rogers, vocals &amp; keyboards)</subfield>
  </datafield>
  <datafield tag="670" ind1=" " ind2=" ">
    <subfield code="a">Hope has a name, 2019:</subfield>
    <subfield code="b">title frames (Jessica Goodman) on-screen caption (Village of Hope Ministries) end credits (some songs performed by Jessica Goodman)</subfield>
  </datafield>
  <datafield tag="670" ind1=" " ind2=" ">
    <subfield code="a">Watershed Music Group (online), viewed on January 1, 2020:</subfield>
    <subfield code="b">Jessica Goodman, Lakeland, FL (formerly Jessie Rogers; leading worship and writing music since a teenager; resides in Lakeland, FL, with husband and sons; pastor at Carver Village of Hope, an inner-city mission in Bartow, FL; female)</subfield>
    <subfield code="u">https://watershedmusicgroup.com/artists/jessica-goodman/</subfield>
  </datafield>
  <datafield tag="670" ind1=" " ind2=" ">
    <subfield code="a">Into the deep (online), viewed on January 1, 2020:</subfield>
    <subfield code="b">about me (musician, minister; &quot;you may remember me as &apos;Jessie Rogers-Goodman&apos;&quot;; directs Village of Hope Ministries and IRIS Bartow)</subfield>
    <subfield code="u">http://jessicagoodman.blogspot.com/</subfield>
  </datafield>
  <datafield tag="675" ind1=" " ind2=" ">
    <subfield code="a">All music guide WWW site;</subfield>
    <subfield code="a">Contemporary musicians;</subfield>
    <subfield code="a">Encyc. of contemporary Christian music</subfield>
  </datafield>
</record>