
<record>
  <leader>00590cz  a2200169n  4500</leader>
  <controlfield tag="001">7912830</controlfield>
  <controlfield tag="003">DLC</controlfield>
  <controlfield tag="005">20200103073259.0</controlfield>
  <controlfield tag="008">090605n| azannaabn          |n aaa      </controlfield>
  <datafield tag="010" ind1=" " ind2=" ">
    <subfield code="a">n 2009035003</subfield>
  </datafield>
  <datafield tag="035" ind1=" " ind2=" ">
    <subfield code="a">(OCoLC)oca08132995</subfield>
  </datafield>
  <datafield tag="040" ind1=" " ind2=" ">
    <subfield code="a">DLC</subfield>
    <subfield code="b">eng</subfield>
    <subfield code="e">rda</subfield>
    <subfield code="c">DLC</subfield>
    <subfield code="d">OkU</subfield>
    <subfield code="d">DNLM</subfield>
  </datafield>
  <datafield tag="100" ind1="1" ind2=" ">
    <subfield code="a">Cheng, Jay</subfield>
  </datafield>
  <datafield tag="378" ind1=" " ind2=" ">
    <subfield code="q">Jay J.</subfield>
  </datafield>
  <datafield tag="670" ind1=" " ind2=" ">
    <subfield code="a">Biomass to renewable energy processes, 2009:</subfield>
    <subfield code="b">ECIP t.p., book t.p. (Jay Cheng) p. xi (Jay J. Cheng, Biological and Agricultural Engineering Dept., N.C. State Univ., Raleigh)</subfield>
  </datafield>
  <datafield tag="670" ind1=" " ind2=" ">
    <subfield code="a">Solid state fermentation, 2019:</subfield>
    <subfield code="b">title page (Jay J. Cheng)</subfield>
  </datafield>
  <datafield tag="953" ind1=" " ind2=" ">
    <subfield code="a">xh07</subfield>
  </datafield>
</record>