
<record>
  <leader>00935cz  a2200229n  4500</leader>
  <controlfield tag="001">7964016</controlfield>
  <controlfield tag="003">DLC</controlfield>
  <controlfield tag="005">20200103073259.0</controlfield>
  <controlfield tag="008">090724n| azannaabn          |a aaa     c</controlfield>
  <datafield tag="010" ind1=" " ind2=" ">
    <subfield code="a">no2009114100</subfield>
  </datafield>
  <datafield tag="035" ind1=" " ind2=" ">
    <subfield code="a">(OCoLC)oca08182613</subfield>
  </datafield>
  <datafield tag="040" ind1=" " ind2=" ">
    <subfield code="a">InU-AT</subfield>
    <subfield code="b">eng</subfield>
    <subfield code="e">rda</subfield>
    <subfield code="c">InU-AT</subfield>
    <subfield code="d">WaBeWWUM</subfield>
  </datafield>
  <datafield tag="046" ind1=" " ind2=" ">
    <subfield code="f">1902-08-27</subfield>
    <subfield code="g">1971-11-10</subfield>
    <subfield code="2">edtf</subfield>
  </datafield>
  <datafield tag="100" ind1="1" ind2=" ">
    <subfield code="a">Ribeiro, Alberto,</subfield>
    <subfield code="d">1902-1971</subfield>
  </datafield>
  <datafield tag="370" ind1=" " ind2=" ">
    <subfield code="a">Rio de Janeiro (Brazil)</subfield>
    <subfield code="2">naf</subfield>
  </datafield>
  <datafield tag="374" ind1=" " ind2=" ">
    <subfield code="a">Composers</subfield>
    <subfield code="a">Singers</subfield>
    <subfield code="2">lcdgt</subfield>
  </datafield>
  <datafield tag="378" ind1=" " ind2=" ">
    <subfield code="q">Ribeiro da Vinha</subfield>
  </datafield>
  <datafield tag="400" ind1="1" ind2=" ">
    <subfield code="a">Da Vinha, Alberto Ribeiro,</subfield>
    <subfield code="d">1902-1971</subfield>
  </datafield>
  <datafield tag="400" ind1="1" ind2=" ">
    <subfield code="a">Vinha, Alberto Ribeiro da,</subfield>
    <subfield code="d">1902-1971</subfield>
  </datafield>
  <datafield tag="400" ind1="1" ind2=" ">
    <subfield code="a">Ribiero da Vinha, Alberto,</subfield>
    <subfield code="d">1902-1971</subfield>
  </datafield>
  <datafield tag="670" ind1=" " ind2=" ">
    <subfield code="a">Barro, J. de. João de Barro, Alberto Ribeiro [SR] p1970:</subfield>
    <subfield code="b">label (Alberto Ribeiro, performer)</subfield>
  </datafield>
  <datafield tag="670" ind1=" " ind2=" ">
    <subfield code="a">Portuguese Wikipedia, July 24, 2009</subfield>
    <subfield code="b">Alberto Ribeiro (Alberto Ribeiro da Vinha; Alberto Ribeiro; b. Aug. 27, 1902, Rio de Janeiro, d. Nov. 10, 1971; Brazilian composer, singer)</subfield>
  </datafield>
</record>