
<record>
  <leader>00982cz  a2200229n  4500</leader>
  <controlfield tag="001">7964541</controlfield>
  <controlfield tag="003">DLC</controlfield>
  <controlfield tag="005">20200103073259.0</controlfield>
  <controlfield tag="008">090727n| azannaabn          |b aaa      </controlfield>
  <datafield tag="010" ind1=" " ind2=" ">
    <subfield code="a">n 2009046343</subfield>
  </datafield>
  <datafield tag="035" ind1=" " ind2=" ">
    <subfield code="a">(OCoLC)oca08185201</subfield>
  </datafield>
  <datafield tag="040" ind1=" " ind2=" ">
    <subfield code="a">DLC</subfield>
    <subfield code="b">eng</subfield>
    <subfield code="e">rda</subfield>
    <subfield code="c">DLC</subfield>
    <subfield code="d">InU</subfield>
  </datafield>
  <datafield tag="046" ind1=" " ind2=" ">
    <subfield code="f">1975</subfield>
    <subfield code="2">edtf</subfield>
  </datafield>
  <datafield tag="100" ind1="1" ind2=" ">
    <subfield code="a">Mikhni︠a︡, Svi︠a︡toslav Borisovich</subfield>
  </datafield>
  <datafield tag="374" ind1=" " ind2=" ">
    <subfield code="a">Journalists</subfield>
    <subfield code="a">Poets</subfield>
    <subfield code="2">lcsh</subfield>
  </datafield>
  <datafield tag="400" ind1="1" ind2=" ">
    <subfield code="a">Михня, Святослав Борисович</subfield>
  </datafield>
  <datafield tag="400" ind1="1" ind2=" ">
    <subfield code="a">Mikhni︠a︡, S. B.</subfield>
    <subfield code="q">(Svi︠a︡toslav Borisovich)</subfield>
  </datafield>
  <datafield tag="400" ind1="1" ind2=" ">
    <subfield code="a">Михня, С. В.</subfield>
    <subfield code="q">(Святослав Борисович)</subfield>
  </datafield>
  <datafield tag="667" ind1=" " ind2=" ">
    <subfield code="a">Non-Latin script references not evaluated.</subfield>
  </datafield>
  <datafield tag="670" ind1=" " ind2=" ">
    <subfield code="a">Mikhni︠a︡, S.V. Tverskai︠a︡ oblastʹ, 2005:</subfield>
    <subfield code="b">colophon (Mikhni︠a︡ Svi︠a︡toslav Borisovich) Russ. CIP (Mikhni︠a︡ S.B.)</subfield>
  </datafield>
  <datafield tag="670" ind1=" " ind2=" ">
    <subfield code="a">Tverskai︠a︡ gazeta, May 18, 2017</subfield>
    <subfield code="b">Kulʹturnoyĭ sloĭ page (Svi︠a︡toslav Borisovich Mikhni︠a︡; b. 1975 in Tverʹ; poet &amp; journalist)</subfield>
  </datafield>
  <datafield tag="953" ind1=" " ind2=" ">
    <subfield code="a">fe10</subfield>
  </datafield>
</record>