
<record>
  <leader>01816cz  a2200265n  4500</leader>
  <controlfield tag="001">7967239</controlfield>
  <controlfield tag="003">DLC</controlfield>
  <controlfield tag="005">20200103104124.0</controlfield>
  <controlfield tag="008">090728n| azannaabn          |n aaa     c</controlfield>
  <datafield tag="010" ind1=" " ind2=" ">
    <subfield code="a">no2009115876</subfield>
  </datafield>
  <datafield tag="035" ind1=" " ind2=" ">
    <subfield code="a">(OCoLC)oca08185689</subfield>
  </datafield>
  <datafield tag="040" ind1=" " ind2=" ">
    <subfield code="a">IEN</subfield>
    <subfield code="b">eng</subfield>
    <subfield code="e">rda</subfield>
    <subfield code="c">IEN</subfield>
    <subfield code="d">IEN</subfield>
  </datafield>
  <datafield tag="100" ind1="1" ind2=" ">
    <subfield code="a">Dagrou, Théodore</subfield>
  </datafield>
  <datafield tag="370" ind1=" " ind2=" ">
    <subfield code="c">Côte d&apos;Ivoire</subfield>
    <subfield code="2">naf</subfield>
  </datafield>
  <datafield tag="372" ind1=" " ind2=" ">
    <subfield code="a">Land tenure</subfield>
    <subfield code="a">Right of property</subfield>
    <subfield code="a">Land use, Rural--Law and legislation</subfield>
    <subfield code="a">Public law</subfield>
    <subfield code="2">lcsh</subfield>
  </datafield>
  <datafield tag="373" ind1=" " ind2=" ">
    <subfield code="a">Côte d&apos;Ivoire. Cour suprême</subfield>
    <subfield code="2">naf</subfield>
  </datafield>
  <datafield tag="373" ind1=" " ind2=" ">
    <subfield code="a">Côte d&apos;Ivoire. Cour d&apos;arbitrage</subfield>
  </datafield>
  <datafield tag="373" ind1=" " ind2=" ">
    <subfield code="a">Université des Lagunes (Abidjan, Côte d&apos;Ivoire)</subfield>
  </datafield>
  <datafield tag="373" ind1=" " ind2=" ">
    <subfield code="a">Ecole de la magistrature d&apos;Abidjan</subfield>
  </datafield>
  <datafield tag="373" ind1=" " ind2=" ">
    <subfield code="a">Transparency Justice (Organization)</subfield>
  </datafield>
  <datafield tag="374" ind1=" " ind2=" ">
    <subfield code="a">Lawyers</subfield>
    <subfield code="a">Judges</subfield>
    <subfield code="a">Law teachers</subfield>
    <subfield code="a">Mediators (Persons)</subfield>
    <subfield code="a">Authors</subfield>
    <subfield code="2">lcsh</subfield>
  </datafield>
  <datafield tag="375" ind1=" " ind2=" ">
    <subfield code="a">Males</subfield>
    <subfield code="2">lcdgt</subfield>
  </datafield>
  <datafield tag="377" ind1=" " ind2=" ">
    <subfield code="a">fre</subfield>
  </datafield>
  <datafield tag="670" ind1=" " ind2=" ">
    <subfield code="a">Le foncier rural ivoirien en 100 questions et plus, 2008:</subfield>
    <subfield code="b">t.p. (Théodore Dagrou)</subfield>
  </datafield>
  <datafield tag="670" ind1=" " ind2=" ">
    <subfield code="a">L&apos;ABC du foncier urbain, 2015:</subfield>
    <subfield code="b">(Théodore DAGROU; magistrat hors hiérarchie, juge à la Cour Suprême) page 4 of cover (DEA in public law; master in fundamental rights (human rights); he is chevalier de l&apos;Ordre National du Mérite ivoirien; president, Groupe (OASIS-fd) &quot;Observation et Analyse des Systèmes à Impacts Sociaux/Foncier-Démarginalisation&quot;; he is the first vice-president of the NGO Transparency Justice; he is also mediator and arbiter at the Cour d&apos;Arbitrage de Côte d&apos;Ivoire, teacher of rural law and agricultural credit at Université des Lagunes d&apos;Abidjan, of rural land law at Ecole de la Magistrature d&apos;Abidjan (INFJ), and national land expert-jurist for the F.A.O. [Food and Agriculture Organization of the United Nations]; expert in land law/rights; author of several works on that, and of a novel, &quot;J&apos;ai mangé mon totem à Paris&quot;)</subfield>
  </datafield>
</record>