
<record>
  <leader>01333cz  a2200277n  4500</leader>
  <controlfield tag="001">7983178</controlfield>
  <controlfield tag="003">DLC</controlfield>
  <controlfield tag="005">20200103073300.0</controlfield>
  <controlfield tag="008">090811n| azannaabn          |a aaa     c</controlfield>
  <datafield tag="010" ind1=" " ind2=" ">
    <subfield code="a">no2009124131</subfield>
  </datafield>
  <datafield tag="035" ind1=" " ind2=" ">
    <subfield code="a">(OCoLC)oca08200408</subfield>
  </datafield>
  <datafield tag="040" ind1=" " ind2=" ">
    <subfield code="a">NNC</subfield>
    <subfield code="b">eng</subfield>
    <subfield code="e">rda</subfield>
    <subfield code="c">NNC</subfield>
    <subfield code="d">NNC</subfield>
    <subfield code="d">UPB</subfield>
  </datafield>
  <datafield tag="046" ind1=" " ind2=" ">
    <subfield code="f">1944</subfield>
    <subfield code="2">edtf</subfield>
  </datafield>
  <datafield tag="053" ind1=" " ind2="0">
    <subfield code="a">PQ8498.416.O57</subfield>
  </datafield>
  <datafield tag="100" ind1="1" ind2=" ">
    <subfield code="a">Fonseca del Castillo, Hernán</subfield>
  </datafield>
  <datafield tag="370" ind1=" " ind2=" ">
    <subfield code="a">San Martín (Peru : Department)</subfield>
    <subfield code="2">naf</subfield>
  </datafield>
  <datafield tag="372" ind1=" " ind2=" ">
    <subfield code="a">Teaching</subfield>
    <subfield code="a">Literature</subfield>
    <subfield code="a">Industrial management</subfield>
    <subfield code="2">lcsh</subfield>
  </datafield>
  <datafield tag="374" ind1=" " ind2=" ">
    <subfield code="a">College teachers</subfield>
    <subfield code="a">Authors</subfield>
    <subfield code="a">lcsh</subfield>
  </datafield>
  <datafield tag="375" ind1=" " ind2=" ">
    <subfield code="a">Males</subfield>
    <subfield code="2">lcdgt</subfield>
  </datafield>
  <datafield tag="377" ind1=" " ind2=" ">
    <subfield code="a">spa</subfield>
  </datafield>
  <datafield tag="400" ind1="1" ind2=" ">
    <subfield code="a">Del Castillo, Hernán Fonseca</subfield>
  </datafield>
  <datafield tag="400" ind1="1" ind2=" ">
    <subfield code="a">Castillo, Hernán Fonseca del</subfield>
  </datafield>
  <datafield tag="400" ind1="1" ind2=" ">
    <subfield code="a">Fonseca, Hernán,</subfield>
    <subfield code="d">1944-</subfield>
  </datafield>
  <datafield tag="670" ind1=" " ind2=" ">
    <subfield code="a">El gallo carioco, 2009:</subfield>
    <subfield code="b">t.p. (Hernán Fonseca del Castillo) inside front flap (born in Saposoa, Peru)</subfield>
  </datafield>
  <datafield tag="670" ind1=" " ind2=" ">
    <subfield code="a">Una lágrima discreta, 2012:</subfield>
    <subfield code="b">t.p. (Hernán Fonseca del Castillo) inside front flap (b. 1944 in Saposoa, Huallaga of San Mártin; professor, author)</subfield>
  </datafield>
  <datafield tag="670" ind1=" " ind2=" ">
    <subfield code="a">Pernambuco y sus recuerdos, 2018:</subfield>
    <subfield code="b">title page (Hernán Fonseca) cover flaps (Hernán Fonseca del Castillo; born 1944 in Saposoa, Provincia del Huallaga, Departamento de San Mártin; holds master&apos;s and doctoral degrees in business administration; published works include El gallo carioco and Una lágrima discreta)</subfield>
  </datafield>
</record>