
<record>
  <leader>00791cz  a2200205n  4500</leader>
  <controlfield tag="001">7983958</controlfield>
  <controlfield tag="003">DLC</controlfield>
  <controlfield tag="005">20200103150744.0</controlfield>
  <controlfield tag="008">090812n| acannaabn          |n aaa      </controlfield>
  <datafield tag="010" ind1=" " ind2=" ">
    <subfield code="a">n 2009050911</subfield>
  </datafield>
  <datafield tag="040" ind1=" " ind2=" ">
    <subfield code="a">DLC</subfield>
    <subfield code="b">eng</subfield>
    <subfield code="c">DLC</subfield>
    <subfield code="e">rda</subfield>
  </datafield>
  <datafield tag="100" ind1="1" ind2=" ">
    <subfield code="a">Guzmán, Nicolás</subfield>
  </datafield>
  <datafield tag="370" ind1=" " ind2=" ">
    <subfield code="c">Argentina</subfield>
    <subfield code="c">Italy</subfield>
    <subfield code="2">naf</subfield>
  </datafield>
  <datafield tag="372" ind1=" " ind2=" ">
    <subfield code="a">Criminal law</subfield>
    <subfield code="a">Criminal procedure</subfield>
    <subfield code="2">lcsh</subfield>
  </datafield>
  <datafield tag="373" ind1=" " ind2=" ">
    <subfield code="a">Universidad de Buenos Aires</subfield>
    <subfield code="2">naf</subfield>
  </datafield>
  <datafield tag="374" ind1=" " ind2=" ">
    <subfield code="a">Law teachers</subfield>
    <subfield code="2">lcsh</subfield>
  </datafield>
  <datafield tag="377" ind1=" " ind2=" ">
    <subfield code="a">spa</subfield>
  </datafield>
  <datafield tag="670" ind1=" " ind2=" ">
    <subfield code="a">Neopunitivismo y neoinquisición, 2008:</subfield>
    <subfield code="b">t.p. (Nicolás Guzmán)</subfield>
  </datafield>
  <datafield tag="670" ind1=" " ind2=" ">
    <subfield code="a">Verdad en el proceso penal, 2018:</subfield>
    <subfield code="b">front cover flap (Nicolás Guzmán, adjunct professor of criminal law and criminal procedure, Universidad de Buenos Aires); p. 19 (worked with professor Luigi Ferrajoli in Italy in the 2000s)</subfield>
  </datafield>
  <datafield tag="953" ind1=" " ind2=" ">
    <subfield code="a">xg09</subfield>
  </datafield>
</record>