
<record>
  <leader>01176cz  a2200217n  4500</leader>
  <controlfield tag="001">8054251</controlfield>
  <controlfield tag="003">DLC</controlfield>
  <controlfield tag="005">20200103073152.0</controlfield>
  <controlfield tag="008">091014n| azannaabn          |n aaa     c</controlfield>
  <datafield tag="010" ind1=" " ind2=" ">
    <subfield code="a">no2009163898</subfield>
  </datafield>
  <datafield tag="035" ind1=" " ind2=" ">
    <subfield code="a">(OCoLC)oca08271069</subfield>
  </datafield>
  <datafield tag="040" ind1=" " ind2=" ">
    <subfield code="a">TxHU</subfield>
    <subfield code="b">eng</subfield>
    <subfield code="e">rda</subfield>
    <subfield code="c">TxHU</subfield>
    <subfield code="d">OU</subfield>
  </datafield>
  <datafield tag="046" ind1=" " ind2=" ">
    <subfield code="f">1906-03-10</subfield>
    <subfield code="g">1990</subfield>
    <subfield code="2">edtf</subfield>
  </datafield>
  <datafield tag="100" ind1="1" ind2=" ">
    <subfield code="a">Kunz, Josef,</subfield>
    <subfield code="d">1906-1990</subfield>
  </datafield>
  <datafield tag="370" ind1=" " ind2=" ">
    <subfield code="a">Frankfurt am Main (Germany)</subfield>
    <subfield code="b">Hofheim am Taunus (Germany)</subfield>
    <subfield code="c">Germany</subfield>
    <subfield code="2">naf</subfield>
  </datafield>
  <datafield tag="374" ind1=" " ind2=" ">
    <subfield code="a">Literary historians</subfield>
    <subfield code="a">Authors</subfield>
    <subfield code="2">lcsh</subfield>
  </datafield>
  <datafield tag="375" ind1=" " ind2=" ">
    <subfield code="a">Males</subfield>
    <subfield code="2">lcdgt</subfield>
  </datafield>
  <datafield tag="670" ind1=" " ind2=" ">
    <subfield code="a">Die deutsche Novelle im 19. Jahrhundert, (1970):</subfield>
    <subfield code="b">t.p. (Josef Kunz)</subfield>
  </datafield>
  <datafield tag="670" ind1=" " ind2=" ">
    <subfield code="a">OCLC database, Oct. 14, 2009:</subfield>
    <subfield code="b">(Kunz, Josef, 1906-)</subfield>
  </datafield>
  <datafield tag="670" ind1=" " ind2=" ">
    <subfield code="a">National Library of France via VIAF, Jan. 2, 2020</subfield>
    <subfield code="b">(born: 1906-03-10; preferred: Kunz, Josef 1906-....; country: Germany; lang. code: ger; related: Schönhaar Rainer)</subfield>
    <subfield code="u">http://www.viaf.org/processed/BNF%7C12164822</subfield>
  </datafield>
  <datafield tag="670" ind1=" " ind2=" ">
    <subfield code="a">German National Library via VIAF, Jan. 2, 2020</subfield>
    <subfield code="b">(identifier: http://d-nb.info/gnd/118725483; GAC: XA-DE; other class #: 12.1p sswd; preferred: Kunz, Josef 1906-1990; variant: Kunz, Joseph; related: Frankfurt am Main, Hofheim am Taunus)</subfield>
    <subfield code="u">http://www.viaf.org/processed/DNB%7C118725483</subfield>
  </datafield>
</record>