
<record>
  <leader>01214cz  a2200217n  4500</leader>
  <controlfield tag="001">8077988</controlfield>
  <controlfield tag="003">DLC</controlfield>
  <controlfield tag="005">20200103073153.0</controlfield>
  <controlfield tag="008">091104n| azannaabn          |a ana     c</controlfield>
  <datafield tag="010" ind1=" " ind2=" ">
    <subfield code="a">no2009177027</subfield>
  </datafield>
  <datafield tag="035" ind1=" " ind2=" ">
    <subfield code="a">(OCoLC)oca08295062</subfield>
  </datafield>
  <datafield tag="040" ind1=" " ind2=" ">
    <subfield code="a">Ct</subfield>
    <subfield code="b">eng</subfield>
    <subfield code="e">rda</subfield>
    <subfield code="c">Ct</subfield>
    <subfield code="d">Ct</subfield>
  </datafield>
  <datafield tag="046" ind1=" " ind2=" ">
    <subfield code="s">1808</subfield>
    <subfield code="2">edtf</subfield>
  </datafield>
  <datafield tag="110" ind1="1" ind2=" ">
    <subfield code="a">Connecticut.</subfield>
    <subfield code="b">Governor&apos;s Horse Guard.</subfield>
    <subfield code="b">Company, Second</subfield>
  </datafield>
  <datafield tag="410" ind1="1" ind2=" ">
    <subfield code="a">Connecticut.</subfield>
    <subfield code="b">Militia.</subfield>
    <subfield code="b">Governor&apos;s Horse Guard.</subfield>
    <subfield code="b">Company, Second</subfield>
  </datafield>
  <datafield tag="410" ind1="1" ind2=" ">
    <subfield code="a">Connecticut.</subfield>
    <subfield code="b">Militia.</subfield>
    <subfield code="b">Governor&apos;s Horse Guards.</subfield>
    <subfield code="b">2nd Company</subfield>
  </datafield>
  <datafield tag="510" ind1="1" ind2=" ">
    <subfield code="w">r</subfield>
    <subfield code="i">Hierarchical superior:</subfield>
    <subfield code="a">Connecticut.</subfield>
    <subfield code="b">Governor&apos;s Horse Guard</subfield>
  </datafield>
  <datafield tag="510" ind1="1" ind2=" ">
    <subfield code="w">r</subfield>
    <subfield code="i">Hierarchical superior:</subfield>
    <subfield code="a">Connecticut.</subfield>
    <subfield code="b">Militia</subfield>
  </datafield>
  <datafield tag="670" ind1=" " ind2=" ">
    <subfield code="a">Reception and sociable given by the Second Company Governor&apos;s Horse Guard, Union Armory, Thursday eve., February 27, &apos;90, 1890.</subfield>
  </datafield>
  <datafield tag="670" ind1=" " ind2=" ">
    <subfield code="a">OCLC, Nov. 4, 2009</subfield>
    <subfield code="b">(hdg.: Connecticut. Militia. Governor&apos;s Horse Guards. 2nd Company; Connecticut. Governor&apos;s Horse Guard. Company, Second)</subfield>
  </datafield>
  <datafield tag="670" ind1=" " ind2=" ">
    <subfield code="a">2nd Company Governor&apos;s Horse Guard WWW home page, Nov. 4, 2009</subfield>
    <subfield code="b">(Second Company Governor&apos;s Horse Guard; chartered in 1808; 2GHG is part of the organized militia of the State of Connecticut, under the direction of the Governor and the National Guard)</subfield>
  </datafield>
</record>