
<record>
  <leader>01515cz  a2200313n  4500</leader>
  <controlfield tag="001">8087084</controlfield>
  <controlfield tag="003">DLC</controlfield>
  <controlfield tag="005">20200103073153.0</controlfield>
  <controlfield tag="008">091112n| azannaabn          |b aaa     c</controlfield>
  <datafield tag="010" ind1=" " ind2=" ">
    <subfield code="a">no2009182251</subfield>
  </datafield>
  <datafield tag="035" ind1=" " ind2=" ">
    <subfield code="a">(OCoLC)oca08303895</subfield>
  </datafield>
  <datafield tag="040" ind1=" " ind2=" ">
    <subfield code="a">HkUST</subfield>
    <subfield code="b">eng</subfield>
    <subfield code="e">rda</subfield>
    <subfield code="c">HkUST</subfield>
    <subfield code="d">TNJ</subfield>
    <subfield code="d">DLC</subfield>
    <subfield code="d">MH</subfield>
  </datafield>
  <datafield tag="046" ind1=" " ind2=" ">
    <subfield code="g">1739</subfield>
  </datafield>
  <datafield tag="100" ind1="1" ind2=" ">
    <subfield code="a">Tu, Tianxiang,</subfield>
    <subfield code="d">-1739</subfield>
  </datafield>
  <datafield tag="400" ind1="1" ind2=" ">
    <subfield code="a">Tu, Cunzhai,</subfield>
    <subfield code="d">-1739</subfield>
  </datafield>
  <datafield tag="400" ind1="1" ind2=" ">
    <subfield code="w">nnea</subfield>
    <subfield code="a">Tu, Tianxiang,</subfield>
    <subfield code="d">d. 1739</subfield>
  </datafield>
  <datafield tag="400" ind1="1" ind2=" ">
    <subfield code="a">Tu, Xie&apos;an,</subfield>
    <subfield code="d">-1739</subfield>
  </datafield>
  <datafield tag="400" ind1="1" ind2=" ">
    <subfield code="a">Tu, Yusou,</subfield>
    <subfield code="d">-1739</subfield>
  </datafield>
  <datafield tag="400" ind1="1" ind2=" ">
    <subfield code="a">涂天相,</subfield>
    <subfield code="d">-1739</subfield>
  </datafield>
  <datafield tag="400" ind1="1" ind2=" ">
    <subfield code="a">涂存斋,</subfield>
    <subfield code="d">-1739</subfield>
  </datafield>
  <datafield tag="400" ind1="1" ind2=" ">
    <subfield code="a">涂燮庵,</subfield>
    <subfield code="d">-1739</subfield>
  </datafield>
  <datafield tag="400" ind1="1" ind2=" ">
    <subfield code="a">涂迂叟,</subfield>
    <subfield code="d">-1739</subfield>
  </datafield>
  <datafield tag="667" ind1=" " ind2=" ">
    <subfield code="a">Machine-derived non-Latin script reference project.</subfield>
  </datafield>
  <datafield tag="667" ind1=" " ind2=" ">
    <subfield code="a">Non-Latin script references not evaluated.</subfield>
  </datafield>
  <datafield tag="667" ind1=" " ind2=" ">
    <subfield code="a">Non-Latin script references reviewed in NACO CJK Funnel References Project.</subfield>
  </datafield>
  <datafield tag="670" ind1=" " ind2=" ">
    <subfield code="a">Jing yong tang ou bian [in Si ku quan shu cun mu cong shu. Zi bu, v. 27], 1995:</subfield>
    <subfield code="b">t.p. (涂天相 = Tu Tianxiang, of Qing dyn.)</subfield>
  </datafield>
  <datafield tag="670" ind1=" " ind2=" ">
    <subfield code="a">Zhongguo li dai ren ming da ci dian, 1999;</subfield>
    <subfield code="b">p. 2045 (涂天相 = Tu Tianxiang; d. 1739; native of Hubei Xiaogan; zi: 燮庵 = Xie&apos;an; hao: 存斋 = Cunzhai, 迂叟 = Yusou; Kangxi si shi er nian jin shi; authored: Shou dai lu, Cunzhai xian hua, Jing yong tang ou bian, etc.)</subfield>
  </datafield>
  <datafield tag="670" ind1=" " ind2=" ">
    <subfield code="a">Jing yong tang ou bian, 2009:</subfield>
    <subfield code="b">t.p. (涂天相 = Tu Tianxiang) t.p. verso (b. 1665; jin shi, 1703)</subfield>
  </datafield>
  <datafield tag="670" ind1=" " ind2=" ">
    <subfield code="a">OCLC #631333900, January 2, 2020</subfield>
    <subfield code="b">(access point: 涂天相, -1739 = Tu, Tianxiang, -1739 ; usage: 涂天相 = Tu Tianxiang)</subfield>
  </datafield>
</record>