
<record>
  <leader>01051cz  a2200181n  4500</leader>
  <controlfield tag="001">8145453</controlfield>
  <controlfield tag="003">DLC</controlfield>
  <controlfield tag="005">20200103073153.0</controlfield>
  <controlfield tag="008">100114n| azannaabn          |n ana     c</controlfield>
  <datafield tag="010" ind1=" " ind2=" ">
    <subfield code="a">no2010007190</subfield>
  </datafield>
  <datafield tag="035" ind1=" " ind2=" ">
    <subfield code="a">(OCoLC)oca08361400</subfield>
  </datafield>
  <datafield tag="040" ind1=" " ind2=" ">
    <subfield code="a">OU</subfield>
    <subfield code="b">eng</subfield>
    <subfield code="e">rda</subfield>
    <subfield code="c">OU</subfield>
    <subfield code="d">DLC</subfield>
    <subfield code="d">IEN</subfield>
  </datafield>
  <datafield tag="111" ind1="2" ind2=" ">
    <subfield code="a">Pope John Paul II Annual Memorial Lecture</subfield>
  </datafield>
  <datafield tag="368" ind1=" " ind2=" ">
    <subfield code="a">Congresses and conventions</subfield>
    <subfield code="2">lcsh</subfield>
  </datafield>
  <datafield tag="373" ind1=" " ind2=" ">
    <subfield code="a">Pope John Paul II Major Seminary (Okpuno Awka, Nigeria)</subfield>
    <subfield code="2">naf</subfield>
  </datafield>
  <datafield tag="667" ind1=" " ind2=" ">
    <subfield code="a">See also related access points for individual instances of this conference, which include specific information about the number, date, or place of individual conferences.</subfield>
  </datafield>
  <datafield tag="670" ind1=" " ind2=" ">
    <subfield code="a">Democracy on trial in Nigeria : which way forward? : proceedings of 2nd edition of Pope John Paul II Annual Memorial Lecture held at Pope John Paul II Major Seminary Okpuno, Awka South L.G.A. Anambra State, Nigeria from March 29th to April 1st, 2007, c2009:</subfield>
    <subfield code="b">t.p. (Proceedings of 2nd edition of Pope John Paul II Annual Memorial Lecture) p. xi (2nd Pope John Paul II Annual Memorial Lecture)</subfield>
  </datafield>
  <datafield tag="953" ind1=" " ind2=" ">
    <subfield code="b">td03</subfield>
  </datafield>
</record>