
<record>
  <leader>02720cz  a2200229n  4500</leader>
  <controlfield tag="001">8159101</controlfield>
  <controlfield tag="003">DLC</controlfield>
  <controlfield tag="005">20200103104132.0</controlfield>
  <controlfield tag="008">100127n| azannaabn          |a ana      </controlfield>
  <datafield tag="010" ind1=" " ind2=" ">
    <subfield code="a">n 2010005953</subfield>
  </datafield>
  <datafield tag="040" ind1=" " ind2=" ">
    <subfield code="a">DLC</subfield>
    <subfield code="b">eng</subfield>
    <subfield code="e">rda</subfield>
    <subfield code="c">DLC</subfield>
    <subfield code="d">DLC</subfield>
  </datafield>
  <datafield tag="111" ind1="2" ind2=" ">
    <subfield code="a">Navukova-metadychnai︠a︡ kanferėntsyi︠a︡ &quot;Aŭtėntychny falʹklor--prablemy bytavanni︠a︡, vyvuchėnni︠a︡, peraĭmanni︠a︡&quot;</subfield>
  </datafield>
  <datafield tag="411" ind1="2" ind2=" ">
    <subfield code="a">Miz︠h︡narodnai︠a︡ navukova-praktychnai︠a︡ kanferėntsyi︠a︡ &quot;Aŭtėntychny falʹklor--prablemy vyvuchėnni︠a︡, zakhavanni︠a︡, peraĭmanni︠a︡&quot;</subfield>
  </datafield>
  <datafield tag="411" ind1="2" ind2=" ">
    <subfield code="a">Miz︠h︡narodnai︠a︡ navukovai︠a︡ kanferėntsyi︠a︡ &quot;Aŭtėntychny falʹklor--prablemy zakhavanni︠a︡, vyvuchėnni︠a︡, usprymanni︠a︡&quot;</subfield>
  </datafield>
  <datafield tag="411" ind1="2" ind2=" ">
    <subfield code="a">Rėspublikanskai︠a︡ navukova-metadychnai︠a︡ kanferėntsyi︠a︡ &quot;Aŭtėntychny falʹklor--prablemy bytavanni︠a︡, vyvuchėnni︠a︡, peraĭmanni︠a︡&quot;</subfield>
  </datafield>
  <datafield tag="667" ind1=" " ind2=" ">
    <subfield code="a">See also related access points for individual instances of this conference which include specific information about the number, date, or place of the individual conference.</subfield>
  </datafield>
  <datafield tag="667" ind1=" " ind2=" ">
    <subfield code="a">Conference name may vary.</subfield>
  </datafield>
  <datafield tag="670" ind1=" " ind2=" ">
    <subfield code="a">Aŭtėntychny falʹklor--prablemy bytavanni︠a︡, vyvuchėnni︠a︡, peraĭmanni︠a︡ : matėryi︠a︡ly navukova-metadychnaĭ kanferėntsyi, 15--16 sakavika 2007 h., 2007:</subfield>
    <subfield code="b">t.p. (navukova-metadychnaĭ kanferėntsyi Aŭtėntychny falʹklor--prablemy bytavanni︠a︡, vyvuchėnni︠a︡, peraĭmanni︠a︡, 15--16 sakavika 2007 h.)</subfield>
  </datafield>
  <datafield tag="670" ind1=" " ind2=" ">
    <subfield code="a">Aŭtėntychny falʹklor--prablemy bytavanni︠a︡, vyvuchėnni︠a︡, peraĭmanni︠a︡, 2009 :</subfield>
    <subfield code="b">t.p. (II Rėspublikanskaĭ navukova-metadychnaĭ kanferėntsyi; held in Minsk, March 27-28, 2008) t.p. verso (II Rėspublikanskaĭ navukova-metadychnaĭ kanferėntsy &quot;Aŭtėntychny falʹklor--prablemy bytavanni︠a︡, vyvuchėnni︠a︡, peraĭmanni︠a︡&quot;)</subfield>
  </datafield>
  <datafield tag="670" ind1=" " ind2=" ">
    <subfield code="a">Aŭtėntychny falʹklor--prablemy vyvuchėnni︠a︡, zakhavanni︠a︡, peraĭmanni︠a︡, 2009 :</subfield>
    <subfield code="b">t.p. (III Miz︠h︡narodnaĭ navukova-praktychnaĭ kanferėntsyi, held in Minsk, April 29-30, 2009) t.p. verso (III Miz︠h︡narodnaĭ navukova-praktychnaĭ kanferėntsyi &quot;Aŭtėntychny falʹklor--prablemy vyvuchėnni︠a︡, zakhavanni︠a︡, peraĭmanni︠a︡&quot;)</subfield>
  </datafield>
  <datafield tag="670" ind1=" " ind2=" ">
    <subfield code="a">Aŭtėntychny falʹklor--prablemy zakhavanni︠a︡, vyvuchėnni︠a︡, usprymanni︠a︡, 2011 :</subfield>
    <subfield code="b">t.p. (V Miz︠h︡narodnaĭ navukovaĭ kanferėntsyi, held in Minsk, April 29-May 1, 2011) t.p. verso (V Miz︠h︡narodnaĭ navukovaĭ kanferėntsyi &quot;Aŭtėntychny falʹklor--prablemy zakhavanni︠a︡, vyvuchėnni︠a︡, usprymanni︠a︡&quot;)</subfield>
  </datafield>
  <datafield tag="953" ind1=" " ind2=" ">
    <subfield code="a">fc04</subfield>
    <subfield code="b">fc70</subfield>
  </datafield>
</record>