
<record>
  <leader>01027cz  a2200217n  4500</leader>
  <controlfield tag="001">8166882</controlfield>
  <controlfield tag="003">DLC</controlfield>
  <controlfield tag="005">20200103073153.0</controlfield>
  <controlfield tag="008">100202n| azannaabn          |b ana     c</controlfield>
  <datafield tag="010" ind1=" " ind2=" ">
    <subfield code="a">no2010018297</subfield>
  </datafield>
  <datafield tag="035" ind1=" " ind2=" ">
    <subfield code="a">(OCoLC)oca08382118</subfield>
  </datafield>
  <datafield tag="040" ind1=" " ind2=" ">
    <subfield code="a">NNU-L</subfield>
    <subfield code="b">eng</subfield>
    <subfield code="e">rda</subfield>
    <subfield code="c">NNU-L</subfield>
    <subfield code="d">NNU-L</subfield>
    <subfield code="d">NNC</subfield>
  </datafield>
  <datafield tag="046" ind1=" " ind2=" ">
    <subfield code="s">2007-01-20</subfield>
    <subfield code="2">edtf</subfield>
  </datafield>
  <datafield tag="110" ind1="2" ind2=" ">
    <subfield code="a">China Human Rights Lawyers Concern Group</subfield>
  </datafield>
  <datafield tag="368" ind1=" " ind2=" ">
    <subfield code="a">Nonprofit organizations</subfield>
    <subfield code="2">lcsh</subfield>
  </datafield>
  <datafield tag="410" ind1="2" ind2=" ">
    <subfield code="a">CHRLCG (China Human Rights Lawyers Concern Group)</subfield>
  </datafield>
  <datafield tag="410" ind1="2" ind2=" ">
    <subfield code="a">Zhongguo wei quan lü shi guan zhu zu</subfield>
  </datafield>
  <datafield tag="410" ind1="2" ind2=" ">
    <subfield code="a">中國維權律師關注組</subfield>
  </datafield>
  <datafield tag="667" ind1=" " ind2=" ">
    <subfield code="a">Non-Latin script reference not evaluated.</subfield>
  </datafield>
  <datafield tag="670" ind1=" " ind2=" ">
    <subfield code="a">A sword and a shield, 2009:</subfield>
    <subfield code="b">t.p. (China Human Rights Lawyers Concern Group; CHRLCG; Zhongguo wei quan lü shi guan zhu zu) p. opposite t.p. (a non profit organisation based in the Hong Kong Special Administrative Region; established Jan. 20, 2007)</subfield>
  </datafield>
  <datafield tag="670" ind1=" " ind2=" ">
    <subfield code="a">Zhongguo wei quan lü shi nian du bao gao, 2018:</subfield>
    <subfield code="b">t.p. (中國維權律師關注組 = Zhongguo wei quan lü shi guan zhu zu)</subfield>
  </datafield>
</record>