
<record>
  <leader>01878cz  a2200301n  4500</leader>
  <controlfield tag="001">8234256</controlfield>
  <controlfield tag="003">DLC</controlfield>
  <controlfield tag="005">20200103141903.0</controlfield>
  <controlfield tag="008">100402n| azannaabn          |b aaa     c</controlfield>
  <datafield tag="010" ind1=" " ind2=" ">
    <subfield code="a">no2010055419</subfield>
    <subfield code="z">no2010002035</subfield>
    <subfield code="z">no2016027088</subfield>
  </datafield>
  <datafield tag="035" ind1=" " ind2=" ">
    <subfield code="a">(OCoLC)oca08449273</subfield>
  </datafield>
  <datafield tag="040" ind1=" " ind2=" ">
    <subfield code="a">NjP</subfield>
    <subfield code="b">eng</subfield>
    <subfield code="e">rda</subfield>
    <subfield code="c">NjP</subfield>
    <subfield code="d">CLU-AR</subfield>
    <subfield code="d">DLC</subfield>
    <subfield code="d">DLC</subfield>
  </datafield>
  <datafield tag="100" ind1="1" ind2=" ">
    <subfield code="a">Sarḥān, Saʻūd ibn Ṣāliḥ</subfield>
  </datafield>
  <datafield tag="375" ind1=" " ind2=" ">
    <subfield code="a">male</subfield>
  </datafield>
  <datafield tag="377" ind1=" " ind2=" ">
    <subfield code="a">ara</subfield>
  </datafield>
  <datafield tag="400" ind1="1" ind2=" ">
    <subfield code="a">Sarḥān, Suʻūd ibn Ṣāliḥ</subfield>
  </datafield>
  <datafield tag="400" ind1="1" ind2=" ">
    <subfield code="a">Sirḥān, Saʻūd ibn Ṣāliḥ</subfield>
  </datafield>
  <datafield tag="400" ind1="1" ind2=" ">
    <subfield code="a">سرحان، سعود بن صالح</subfield>
  </datafield>
  <datafield tag="400" ind1="1" ind2=" ">
    <subfield code="a">AlSarhan, Saud Saleh</subfield>
  </datafield>
  <datafield tag="400" ind1="1" ind2=" ">
    <subfield code="a">Al-Sarhan, Saud</subfield>
  </datafield>
  <datafield tag="400" ind1="1" ind2=" ">
    <subfield code="a">Sarhan Saleh, Saud Al-</subfield>
  </datafield>
  <datafield tag="667" ind1=" " ind2=" ">
    <subfield code="a">Non-Latin script reference not evaluated.</subfield>
  </datafield>
  <datafield tag="670" ind1=" " ind2=" ">
    <subfield code="a">Arbāb al-kalām, 2010:</subfield>
    <subfield code="b">t.p. (سعود بن صالح السرحان = Saʻūd ibn Ṣāliḥ al-Sarḥān)</subfield>
  </datafield>
  <datafield tag="670" ind1=" " ind2=" ">
    <subfield code="a">Rasāʼil al-Imām Muḥammad Zāhid al-Kawtharī ilá al-ʻAllāmah Muḥammad Yūsuf al-Bannūrī, fī al-sanawāt min 1358 H ḥattá 1371 H, 2013:</subfield>
    <subfield code="b">title page (Saʻūd ibn Ṣāliḥ al-Sarḥān [voc.] = سعود بن صالح السرحان )</subfield>
  </datafield>
  <datafield tag="670" ind1=" " ind2=" ">
    <subfield code="a">al-Ḥikmah al-maṣlūbah, 2008:</subfield>
    <subfield code="b">t.p. (سعود السرحان = Saʻūd al-Sarḥān)</subfield>
  </datafield>
  <datafield tag="670" ind1=" " ind2=" ">
    <subfield code="a">Rebuilding Yemen, 2015:</subfield>
    <subfield code="b">t.p. (Saud Al-Sarhan) page 174 (Director of Research and Head of the Contemporary Political Thought Unit at King Faisal Centre for Research and Islamic Studies; visiting fellow at Exeter University and the National Council on U.S.-Arab Relations)</subfield>
  </datafield>
  <datafield tag="670" ind1=" " ind2=" ">
    <subfield code="a">OCLC, viewed May 20, 2016</subfield>
    <subfield code="b">(access points: Al-Sarhan, Saud; Al-Sarhan, Saud Saleh)</subfield>
  </datafield>
  <datafield tag="670" ind1=" " ind2=" ">
    <subfield code="a">University of Exeter web site, viewed May 20, 2016</subfield>
    <subfield code="b">under Open Research Exeter (Al Sarhan, Saud Saleh; Saud Saleh AlSarhan [no space in surname]; Doctor of Philosophy in Arab and Islamic Studies)</subfield>
    <subfield code="u">https://ore.exeter.ac.uk/repository/handle/10036/3374</subfield>
  </datafield>
</record>