
<record>
  <leader>00767cz  a2200157n  4500</leader>
  <controlfield tag="001">8269940</controlfield>
  <controlfield tag="003">DLC</controlfield>
  <controlfield tag="005">20200103073317.0</controlfield>
  <controlfield tag="008">100505n| azannaabn          |n aaa      </controlfield>
  <datafield tag="010" ind1=" " ind2=" ">
    <subfield code="a">nb2010011445</subfield>
  </datafield>
  <datafield tag="035" ind1=" " ind2=" ">
    <subfield code="a">(OCoLC)oca08486933</subfield>
  </datafield>
  <datafield tag="040" ind1=" " ind2=" ">
    <subfield code="a">Uk</subfield>
    <subfield code="b">eng</subfield>
    <subfield code="e">rda</subfield>
    <subfield code="c">Uk</subfield>
    <subfield code="d">DNLM</subfield>
  </datafield>
  <datafield tag="100" ind1="1" ind2=" ">
    <subfield code="a">Brent, Gregory A.</subfield>
  </datafield>
  <datafield tag="373" ind1=" " ind2=" ">
    <subfield code="a">David Geffen School of Medicine</subfield>
    <subfield code="2">naf</subfield>
  </datafield>
  <datafield tag="670" ind1=" " ind2=" ">
    <subfield code="a">Thyroid function testing, c2010:</subfield>
    <subfield code="b">t.p. (Gregory A. Bent, Professor of Medicine and Physiology, David Geffen Si School of Medicine at UCLA, Los Angeles, CA, USA)</subfield>
  </datafield>
  <datafield tag="670" ind1=" " ind2=" ">
    <subfield code="a">Endocrine disorders in kidney disease, 2019:</subfield>
    <subfield code="b">t.p. (Gregory A. Brent) t.p. verso (Division of Endocrinology, Diabetes, and Hypertension, Departments of Medicine and Physiology, David Geffen School of Medicine at UCLA, Los Angeles, CA, USA)</subfield>
  </datafield>
</record>