
<record>
  <leader>01157cz  a2200229n  4500</leader>
  <controlfield tag="001">8282203</controlfield>
  <controlfield tag="003">DLC</controlfield>
  <controlfield tag="005">20200103073317.0</controlfield>
  <controlfield tag="008">100517n| azannaabn          |b ana      </controlfield>
  <datafield tag="010" ind1=" " ind2=" ">
    <subfield code="a">n 2010031377</subfield>
  </datafield>
  <datafield tag="035" ind1=" " ind2=" ">
    <subfield code="a">(OCoLC)oca08497313</subfield>
  </datafield>
  <datafield tag="040" ind1=" " ind2=" ">
    <subfield code="a">DLC</subfield>
    <subfield code="b">eng</subfield>
    <subfield code="e">rda</subfield>
    <subfield code="c">DLC</subfield>
    <subfield code="d">DLC</subfield>
    <subfield code="d">InU</subfield>
  </datafield>
  <datafield tag="046" ind1=" " ind2=" ">
    <subfield code="s">2006-02</subfield>
    <subfield code="2">edtf</subfield>
  </datafield>
  <datafield tag="110" ind1="2" ind2=" ">
    <subfield code="a">Krasnodarskiĭ universitet MVD Rossii</subfield>
  </datafield>
  <datafield tag="410" ind1="2" ind2=" ">
    <subfield code="a">Краснодарский университет МВД России</subfield>
  </datafield>
  <datafield tag="410" ind1="1" ind2=" ">
    <subfield code="a">Russia (Federation).</subfield>
    <subfield code="b">Ministerstvo vnutrennikh del.</subfield>
    <subfield code="b">Krasnodarskiĭ universitet</subfield>
  </datafield>
  <datafield tag="410" ind1="1" ind2=" ">
    <subfield code="a">Russia (Federation).</subfield>
    <subfield code="b">Ministerstvo vnutrennikh del.</subfield>
    <subfield code="b">Краснодарский университет</subfield>
  </datafield>
  <datafield tag="510" ind1="2" ind2=" ">
    <subfield code="w">a</subfield>
    <subfield code="a">Krasnodarskiĭ i︠u︡ridicheskiĭ institut</subfield>
  </datafield>
  <datafield tag="667" ind1=" " ind2=" ">
    <subfield code="a">Non-Latin script references not evaluated.</subfield>
  </datafield>
  <datafield tag="670" ind1=" " ind2=" ">
    <subfield code="a">Deviantnoe povedenie i internet, 2008:</subfield>
    <subfield code="b">t.p. (Krasnodarskiĭ universitet MVD Rossii)</subfield>
  </datafield>
  <datafield tag="670" ind1=" " ind2=" ">
    <subfield code="a">University&apos;s website, May 17, 2010</subfield>
    <subfield code="b">(Krasnodarskiĭ i︠u︡ridicheskiĭ institut became Krasnodarskiĭ universitet MVD Rossii in Feb. 2006)</subfield>
    <subfield code="u">http://www.krdu-mvd.ru/istoria1.html</subfield>
  </datafield>
  <datafield tag="675" ind1=" " ind2=" ">
    <subfield code="a">LC database, May 17, 2010: (Krasnodarskiĭ i︠u︡ridicheskiĭ institut)</subfield>
  </datafield>
</record>