
<record>
  <leader>01438cz  a2200289n  4500</leader>
  <controlfield tag="001">8325092</controlfield>
  <controlfield tag="003">DLC</controlfield>
  <controlfield tag="005">20200103073318.0</controlfield>
  <controlfield tag="008">100624n| azannaabn          |a aaa      </controlfield>
  <datafield tag="010" ind1=" " ind2=" ">
    <subfield code="a">nb2010016374</subfield>
  </datafield>
  <datafield tag="016" ind1=" " ind2=" ">
    <subfield code="a">1019J8409E</subfield>
  </datafield>
  <datafield tag="035" ind1=" " ind2=" ">
    <subfield code="a">(OCoLC)oca08541288</subfield>
  </datafield>
  <datafield tag="040" ind1=" " ind2=" ">
    <subfield code="a">Uk</subfield>
    <subfield code="b">eng</subfield>
    <subfield code="e">rda</subfield>
    <subfield code="c">Uk</subfield>
    <subfield code="d">CaOONL</subfield>
  </datafield>
  <datafield tag="042" ind1=" " ind2=" ">
    <subfield code="a">nlc</subfield>
  </datafield>
  <datafield tag="046" ind1=" " ind2=" ">
    <subfield code="f">1978</subfield>
    <subfield code="2">edtf</subfield>
  </datafield>
  <datafield tag="053" ind1=" " ind2="4">
    <subfield code="a">PS8603.R33175</subfield>
    <subfield code="5">CaOONL</subfield>
  </datafield>
  <datafield tag="100" ind1="1" ind2=" ">
    <subfield code="a">Bradley, Nicholas,</subfield>
    <subfield code="d">1978-</subfield>
  </datafield>
  <datafield tag="370" ind1=" " ind2=" ">
    <subfield code="c">Canada</subfield>
    <subfield code="e">Victoria (B.C.)</subfield>
    <subfield code="2">naf</subfield>
  </datafield>
  <datafield tag="372" ind1=" " ind2=" ">
    <subfield code="a">Canadian literature</subfield>
    <subfield code="a">American literature</subfield>
    <subfield code="a">College teaching--Study and teaching</subfield>
    <subfield code="a">Libraries--Special collections</subfield>
    <subfield code="a">Poetry</subfield>
    <subfield code="a">Editing</subfield>
    <subfield code="a">Criticism</subfield>
    <subfield code="2">lcsh</subfield>
  </datafield>
  <datafield tag="373" ind1=" " ind2=" ">
    <subfield code="a">University of Victoria (B.C.)</subfield>
    <subfield code="2">naf</subfield>
  </datafield>
  <datafield tag="374" ind1=" " ind2=" ">
    <subfield code="a">College teachers</subfield>
    <subfield code="a">Poets</subfield>
    <subfield code="a">Editors</subfield>
    <subfield code="a">Critics</subfield>
    <subfield code="2">lcsh</subfield>
  </datafield>
  <datafield tag="377" ind1=" " ind2=" ">
    <subfield code="a">eng</subfield>
  </datafield>
  <datafield tag="378" ind1=" " ind2=" ">
    <subfield code="q">Nicholas Philip Richard</subfield>
  </datafield>
  <datafield tag="400" ind1="1" ind2=" ">
    <subfield code="a">Bradley, Nicholas Philip Richard,</subfield>
    <subfield code="d">1978-</subfield>
  </datafield>
  <datafield tag="670" ind1=" " ind2=" ">
    <subfield code="a">Hear us O Lord from heaven thy dwelling place, c2009:</subfield>
    <subfield code="b">t.p. (Nicholas Bradley) verso, Can. CIP (hdg.: Bradley, Nicholas, 1978-)</subfield>
  </datafield>
  <datafield tag="670" ind1=" " ind2=" ">
    <subfield code="a">Rain shadow, 2018 :</subfield>
    <subfield code="b">title page (Nicholas Bradley) back flap (he is a poet, literary critic, and scholarly editor; he lives in Victoria, British Columbia)</subfield>
  </datafield>
  <datafield tag="670" ind1=" " ind2=" ">
    <subfield code="a">Canadiana, January 2, 2020</subfield>
    <subfield code="b">(heading: Bradley, Nicholas, 1978-; variant: Bradley, Nicholas Philip Richard, 1978-; works in special collections; teaches Canadian literature and American literature in the Department of English at the University of Victoria; Canadian)</subfield>
  </datafield>
</record>