
<record>
  <leader>00629cz  a2200169n  4500</leader>
  <controlfield tag="001">8360600</controlfield>
  <controlfield tag="003">DLC</controlfield>
  <controlfield tag="005">20200103073318.0</controlfield>
  <controlfield tag="008">100728n| azannaabn          |n ana     c</controlfield>
  <datafield tag="010" ind1=" " ind2=" ">
    <subfield code="a">no2010121885</subfield>
  </datafield>
  <datafield tag="035" ind1=" " ind2=" ">
    <subfield code="a">(OCoLC)oca08574201</subfield>
  </datafield>
  <datafield tag="040" ind1=" " ind2=" ">
    <subfield code="a">IElg</subfield>
    <subfield code="b">eng</subfield>
    <subfield code="c">IElg</subfield>
    <subfield code="e">rda</subfield>
    <subfield code="d">IAhCCS</subfield>
  </datafield>
  <datafield tag="046" ind1=" " ind2=" ">
    <subfield code="s">2008</subfield>
    <subfield code="2">edtf</subfield>
  </datafield>
  <datafield tag="110" ind1="2" ind2=" ">
    <subfield code="a">Fundamental Films</subfield>
  </datafield>
  <datafield tag="370" ind1=" " ind2=" ">
    <subfield code="c">China</subfield>
    <subfield code="2">naf</subfield>
  </datafield>
  <datafield tag="670" ind1=" " ind2=" ">
    <subfield code="a">The great Indian buttefly, 2010:</subfield>
    <subfield code="b">container (Fundamental Films)</subfield>
  </datafield>
  <datafield tag="670" ind1=" " ind2=" ">
    <subfield code="a">Wikipedia, viewed Jan. 2, 2020</subfield>
    <subfield code="b">(Fundamental Films is a Chinese film production company and distributor based in Shanghai and founded in 2008)</subfield>
    <subfield code="u">https://en.wikipedia.org/wiki/Fundamental_Films</subfield>
  </datafield>
</record>