
<record>
  <leader>00938cz  a2200205n  4500</leader>
  <controlfield tag="001">8374743</controlfield>
  <controlfield tag="003">DLC</controlfield>
  <controlfield tag="005">20200103073318.0</controlfield>
  <controlfield tag="008">100810n| azannaabn          |b aaa     c</controlfield>
  <datafield tag="010" ind1=" " ind2=" ">
    <subfield code="a">no2010129951</subfield>
  </datafield>
  <datafield tag="035" ind1=" " ind2=" ">
    <subfield code="a">(OCoLC)oca08588246</subfield>
  </datafield>
  <datafield tag="040" ind1=" " ind2=" ">
    <subfield code="a">InU</subfield>
    <subfield code="b">eng</subfield>
    <subfield code="e">rda</subfield>
    <subfield code="c">InU</subfield>
    <subfield code="d">InU</subfield>
  </datafield>
  <datafield tag="100" ind1="1" ind2=" ">
    <subfield code="a">Popov, M. I︠U︡.</subfield>
    <subfield code="q">(Mikhail I︠U︡rʹevich)</subfield>
  </datafield>
  <datafield tag="373" ind1=" " ind2=" ">
    <subfield code="a">Krasnodarskiĭ universitet MVD Rossii</subfield>
    <subfield code="2">naf</subfield>
  </datafield>
  <datafield tag="374" ind1=" " ind2=" ">
    <subfield code="a">Sociologists</subfield>
    <subfield code="2">lcsh</subfield>
  </datafield>
  <datafield tag="400" ind1="1" ind2=" ">
    <subfield code="a">Попов, М. Ю.</subfield>
    <subfield code="q">(Михаил Юрьевич)</subfield>
  </datafield>
  <datafield tag="400" ind1="1" ind2=" ">
    <subfield code="a">Popov, Mikhail I︠U︡rʹevich</subfield>
  </datafield>
  <datafield tag="667" ind1=" " ind2=" ">
    <subfield code="a">Non-Latin script reference not evaluated.</subfield>
  </datafield>
  <datafield tag="670" ind1=" " ind2=" ">
    <subfield code="a">Etnokonfessionalʹnye konflikty na Severnom Kavkaze, 2009:</subfield>
    <subfield code="b">t.p. (... professora M.I︠U︡. Popova) colophon (Popov Mikhail I︠U︡rʹevich)</subfield>
  </datafield>
  <datafield tag="670" ind1=" " ind2=" ">
    <subfield code="a">Disseropedii︠a︡ rossiĭskikh vuzov, Jan. 2, 2020</subfield>
    <subfield code="b">(Popov Mikhail I︠U︡rʹevich; Doktor sot︠s︡iologicheskikh nauk; Professor in Dept. of Philosophy &amp; Sociology of KrU MVD)</subfield>
  </datafield>
</record>