
<record>
  <leader>01570cz  a2200229n  4500</leader>
  <controlfield tag="001">8375679</controlfield>
  <controlfield tag="003">DLC</controlfield>
  <controlfield tag="005">20200103073318.0</controlfield>
  <controlfield tag="008">100811n| azannaabn           a aaa     c</controlfield>
  <datafield tag="010" ind1=" " ind2=" ">
    <subfield code="a">no2010130328</subfield>
  </datafield>
  <datafield tag="035" ind1=" " ind2=" ">
    <subfield code="a">(OCoLC)oca08589207</subfield>
  </datafield>
  <datafield tag="040" ind1=" " ind2=" ">
    <subfield code="a">PaPhCHF</subfield>
    <subfield code="b">eng</subfield>
    <subfield code="e">rda</subfield>
    <subfield code="c">PaPhCHF</subfield>
    <subfield code="d">OU</subfield>
  </datafield>
  <datafield tag="046" ind1=" " ind2=" ">
    <subfield code="f">1905-04-09</subfield>
    <subfield code="g">1983-03-14</subfield>
    <subfield code="2">edtf</subfield>
  </datafield>
  <datafield tag="100" ind1="1" ind2=" ">
    <subfield code="a">Kieffer, Richard,</subfield>
    <subfield code="d">1905-1983</subfield>
  </datafield>
  <datafield tag="370" ind1=" " ind2=" ">
    <subfield code="a">Offenbach am Main (Germany)</subfield>
    <subfield code="b">Santiago (Chile)</subfield>
    <subfield code="2">naf</subfield>
  </datafield>
  <datafield tag="374" ind1=" " ind2=" ">
    <subfield code="a">Metallurgists</subfield>
    <subfield code="2">lcsh</subfield>
  </datafield>
  <datafield tag="375" ind1=" " ind2=" ">
    <subfield code="a">Males</subfield>
    <subfield code="2">lcdgt</subfield>
  </datafield>
  <datafield tag="378" ind1=" " ind2=" ">
    <subfield code="q">Richard Andreas</subfield>
  </datafield>
  <datafield tag="400" ind1="1" ind2=" ">
    <subfield code="a">Kieffer, Richard Andreas,</subfield>
    <subfield code="d">1905-1983</subfield>
  </datafield>
  <datafield tag="670" ind1=" " ind2=" ">
    <subfield code="a">Refractory hard metals, 1953:</subfield>
    <subfield code="b">t.p. (Richard Kieffer)</subfield>
  </datafield>
  <datafield tag="670" ind1=" " ind2=" ">
    <subfield code="a">OCLC, Mar. 12, 2010</subfield>
    <subfield code="b">(hdg: Kieffer, Richard,  1905-)</subfield>
  </datafield>
  <datafield tag="670" ind1=" " ind2=" ">
    <subfield code="a">Wikidata via Wikipedia, January 2, 2020</subfield>
    <subfield code="b">(alias: Richard Kieffer; sex or gender: male; LCAuth identifier: no2010130328; VIAF identifier: 20043138; ISNI (P213): 0000000117489277; place of birth: Offenbach am Main; place of death: Santiago; country of citizenship: Germany; NDL identifier: 00523228; instance of: human; SUDOC authorities: 083890122; date of birth: +1905-04-09T00:00:00Z; date of death: +1983-03-14T00:00:00Z; given name: Richard; occupation: metallurgist; award received: Wilhelm Exner Medal; GND identifier: 1055313168; BIBSYS identifier: 2043802; NUKAT authorities: n00090666; surname: Kieffer; description/label: deutscher Pulvermetallurge und Hartmetallfachmann, Duits metaalkundige , German metallurgist, metalúrxicu alemán , miotalóir Gearmánach, متخصص فلزات ألماني)</subfield>
    <subfield code="u">http://www.wikidata.org/entity/Q1616899</subfield>
  </datafield>
</record>