
<record>
  <leader>01342cz  a2200217n  4500</leader>
  <controlfield tag="001">8389398</controlfield>
  <controlfield tag="003">DLC</controlfield>
  <controlfield tag="005">20200103073319.0</controlfield>
  <controlfield tag="008">100824n| azannaabn          |n aaa     c</controlfield>
  <datafield tag="010" ind1=" " ind2=" ">
    <subfield code="a">no2010137928</subfield>
  </datafield>
  <datafield tag="035" ind1=" " ind2=" ">
    <subfield code="a">(OCoLC)oca08602783</subfield>
  </datafield>
  <datafield tag="040" ind1=" " ind2=" ">
    <subfield code="a">NN</subfield>
    <subfield code="b">eng</subfield>
    <subfield code="e">rda</subfield>
    <subfield code="c">NN</subfield>
    <subfield code="d">MoSU</subfield>
  </datafield>
  <datafield tag="046" ind1=" " ind2=" ">
    <subfield code="f">1938-01-23</subfield>
    <subfield code="2">edtf</subfield>
  </datafield>
  <datafield tag="100" ind1="1" ind2=" ">
    <subfield code="a">Launay, Marcel,</subfield>
    <subfield code="d">1938-</subfield>
  </datafield>
  <datafield tag="370" ind1=" " ind2=" ">
    <subfield code="c">France</subfield>
    <subfield code="2">naf</subfield>
  </datafield>
  <datafield tag="374" ind1=" " ind2=" ">
    <subfield code="a">Authors</subfield>
    <subfield code="2">lcsh</subfield>
  </datafield>
  <datafield tag="377" ind1=" " ind2=" ">
    <subfield code="a">fre</subfield>
  </datafield>
  <datafield tag="670" ind1=" " ind2=" ">
    <subfield code="a">De la Normandie à l&apos;Algérie, 1944-1961, 2009:</subfield>
    <subfield code="b">title page (Marcel Launay) page 17 (born January 23, 1938)</subfield>
  </datafield>
  <datafield tag="670" ind1=" " ind2=" ">
    <subfield code="a">Launay, Marcel. Journal d&apos;un marcheur dans Paris, 1989:</subfield>
    <subfield code="b">title page (par Marcel Launay)</subfield>
  </datafield>
  <datafield tag="670" ind1=" " ind2=" ">
    <subfield code="a">Bibliothèque nationale de France online catalog, viewed January 2, 2020</subfield>
    <subfield code="b">(authorized access point: Launay, Marcel (1938-....); other data in authority record: born January 23, 1938; member of the Association des auteurs auto-édités; author of Journal d&apos;un marcheur dans Paris)</subfield>
    <subfield code="u">https://catalogue.bnf.fr/ark:/12148/cb121223788</subfield>
  </datafield>
  <datafield tag="670" ind1=" " ind2=" ">
    <subfield code="a">Les Éditions de l&apos;Officine (publisher) website, viewed January 2, 2020</subfield>
    <subfield code="b">(under De la Normandie à l&apos;Algérie: as a child, the author watched the landing of the Allied troops in Normandy; as an adult, he served as a soldier in the Algerian campaign)</subfield>
    <subfield code="u">http://www.leseditionsdelofficine.com/produit/4/9782355510816/De%20la%20Normandie%20a%20lAlgerie</subfield>
  </datafield>
</record>